<?xml version="1.0" encoding="UTF-8"?>
<!DOCTYPE html PUBLIC "-//W3C//DTD XHTML 1.0 Transitional//EN"
    "http://www.w3.org/TR/xhtml1/DTD/xhtml1-transitional.dtd">
<html xmlns="http://www.w3.org/1999/xhtml" xml:lang="en" lang="en">
 <head>
  <title>
</title>
<meta http-equiv="Content-Type" content="text/html;charset=utf-8" />
  <meta name='ocr-system' content='tesseract 3.04.00' />
  <meta name='ocr-capabilities' content='ocr_page ocr_carea ocr_par ocr_line ocrx_word'/>
</head>
<body>
  <div class='ocr_page' id='page_1' title='image "./dedemosthenicar01neupgoog_0076.png"; bbox 0 0 3175 4925; ppageno 0'>
   <div class='ocr_carea' id='block_1_1' title="bbox 786 316 946 417">
    <p class='ocr_par' dir='ltr' id='par_1_1' title="bbox 786 316 946 417">
     <span class='ocr_line' id='line_1_1' title="bbox 786 316 946 417; baseline 0 -36"><span class='ocrx_word' id='word_1_1' title='bbox 786 316 946 417; x_wconf 35' lang='grc' dir='ltr'>*ιε-</span> 
     </span>
    </p>
   </div>
   <div class='ocr_carea' id='block_1_2' title="bbox 250 513 1491 3021">
    <p class='ocr_par' dir='ltr' id='par_1_2' title="bbox 251 513 1491 779">
     <span class='ocr_line' id='line_1_2' title="bbox 251 513 1491 600; baseline 0 -19"><span class='ocrx_word' id='word_1_2' title='bbox 251 515 466 583; x_wconf 89' lang='lat' dir='ltr'>mosthenicae</span> <span class='ocrx_word' id='word_1_3' title='bbox 496 514 612 581; x_wconf 89' lang='lat' dir='ltr'>rationi</span> <span class='ocrx_word' id='word_1_4' title='bbox 642 514 735 598; x_wconf 91' lang='lat' dir='ltr'>plane</span> <span class='ocrx_word' id='word_1_5' title='bbox 766 514 936 598; x_wconf 92' lang='lat' dir='ltr'>respondet</span> <span class='ocrx_word' id='word_1_6' title='bbox 967 513 1018 599; x_wconf 86' lang='lat' dir='ltr'>(cf.</span> <span class='ocrx_word' id='word_1_7' title='bbox 1051 534 1094 581; x_wconf 86' lang='lat' dir='ltr'>or.</span> <span class='ocrx_word' id='word_1_8' title='bbox 1130 516 1200 594; x_wconf 85' lang='grc'>18,1</span> <span class='ocrx_word' id='word_1_9' title='bbox 1227 515 1390 600; x_wconf 75' lang='grc' dir='ltr'><strong><em>περὶτοῦ</em></strong></span> <span class='ocrx_word' id='word_1_10' title='bbox 1416 525 1491 593; x_wconf 80' lang='grc' dir='ltr'>πῶς</span> 
     </span>
     <span class='ocr_line' id='line_1_3' title="bbox 252 603 1491 691; baseline 0 -20"><span class='ocrx_word' id='word_1_11' title='bbox 252 606 385 673; x_wconf 80' lang='grc' dir='ltr'><em>ἀκούειν</em></span> <span class='ocrx_word' id='word_1_12' title='bbox 415 604 500 689; x_wconf 80' lang='grc' dir='ltr'><em>ὑμᾶς</em></span> <span class='ocrx_word' id='word_1_13' title='bbox 530 604 610 689; x_wconf 76' lang='grc' dir='ltr'><strong><em>ἐμοῦ</em></strong></span> <span class='ocrx_word' id='word_1_14' title='bbox 639 606 688 671; x_wconf 78' lang='grc' dir='ltr'>δεῖ</span> <span class='ocrx_word' id='word_1_15' title='bbox 710 606 783 687; x_wconf 76' lang='lat' dir='ltr'>et§</span> <span class='ocrx_word' id='word_1_16' title='bbox 811 608 873 671; x_wconf 76' lang='lat' dir='ltr'>lte</span> <span class='ocrx_word' id='word_1_17' title='bbox 898 614 958 671; x_wconf 86' lang='grc' dir='ltr'>τοῦ</span> <span class='ocrx_word' id='word_1_18' title='bbox 982 609 1064 670; x_wconf 76' lang='grc' dir='ltr'><strong><em>πότε</em></strong></span> <span class='ocrx_word' id='word_1_19' title='bbox 1088 606 1137 671; x_wconf 80' lang='grc' dir='ltr'>δεῖ</span> <span class='ocrx_word' id='word_1_20' title='bbox 1158 605 1302 691; x_wconf 77' lang='grc' dir='ltr'><strong><em>βαδίζειν</em></strong></span> <span class='ocrx_word' id='word_1_21' title='bbox 1326 603 1433 671; x_wconf 76' lang='grc' dir='ltr'><strong><em>ἐκεῖσε</em></strong></span> <span class='ocrx_word' id='word_1_22' title='bbox 1457 610 1491 671; x_wconf 84' lang='lat' dir='ltr'>et</span> 
     </span>
     <span class='ocr_line' id='line_1_4' title="bbox 252 694 397 779; baseline 0.014 -17"><span class='ocrx_word' id='word_1_23' title='bbox 252 715 296 764; x_wconf 90' lang='lat' dir='ltr'>or.</span> <span class='ocrx_word' id='word_1_24' title='bbox 322 694 397 779; x_wconf 82' lang='grc'><strong><em>3,2).</em></strong></span> 
     </span>
    </p>

    <p class='ocr_par' dir='ltr' id='par_1_3' title="bbox 251 783 1490 1320">
     <span class='ocr_line' id='line_1_5' title="bbox 358 783 1487 872; baseline -0.001 -21"><span class='ocrx_word' id='word_1_25' title='bbox 358 783 530 867; x_wconf 87' lang='lat' dir='ltr'>Participia</span> <span class='ocrx_word' id='word_1_26' title='bbox 553 786 659 850; x_wconf 89' lang='lat' dir='ltr'>tamen</span> <span class='ocrx_word' id='word_1_27' title='bbox 682 784 847 863; x_wconf 89' lang='lat' dir='ltr'>absoluta,</span> <span class='ocrx_word' id='word_1_28' title='bbox 878 786 914 849; x_wconf 91' lang='lat' dir='ltr'>ut</span> <span class='ocrx_word' id='word_1_29' title='bbox 937 783 1021 867; x_wconf 78' lang='grc' dir='ltr'><strong><em>ἐξόν,</em></strong></span> <span class='ocrx_word' id='word_1_30' title='bbox 1047 785 1132 865; x_wconf 78' lang='grc' dir='ltr'><strong><em>δέον,</em></strong></span> <span class='ocrx_word' id='word_1_31' title='bbox 1158 795 1336 872; x_wconf 76' lang='grc' dir='ltr'><strong><em>προσῆκον,</em></strong></span> <span class='ocrx_word' id='word_1_32' title='bbox 1362 791 1487 871; x_wconf 77' lang='grc' dir='ltr'><strong><em>παρόν,</em></strong></span> 
     </span>
     <span class='ocr_line' id='line_1_6' title="bbox 252 873 1490 958; baseline -0.001 -18"><span class='ocrx_word' id='word_1_33' title='bbox 252 894 331 957; x_wconf 91' lang='lat' dir='ltr'>quae</span> <span class='ocrx_word' id='word_1_34' title='bbox 371 875 526 958; x_wconf 79' lang='lat' dir='ltr'>quotquot</span> <span class='ocrx_word' id='word_1_35' title='bbox 563 873 596 939; x_wconf 95' lang='lat' dir='ltr'>in</span> <span class='ocrx_word' id='word_1_36' title='bbox 631 892 759 957; x_wconf 87' lang='lat' dir='ltr'>corpore</span> <span class='ocrx_word' id='word_1_37' title='bbox 794 874 970 940; x_wconf 89' lang='lat' dir='ltr'>orationum</span> <span class='ocrx_word' id='word_1_38' title='bbox 1007 874 1324 939; x_wconf 85' lang='lat' dir='ltr'>Demosthenicamm</span> <span class='ocrx_word' id='word_1_39' title='bbox 1359 878 1490 940; x_wconf 82' lang='lat' dir='ltr'>exstant</span> 
     </span>
     <span class='ocr_line' id='line_1_7' title="bbox 253 962 1488 1046; baseline -0.001 -16"><span class='ocrx_word' id='word_1_40' title='bbox 253 963 417 1031; x_wconf 87' lang='lat' dir='ltr'>Schulaius</span> <span class='ocrx_word' id='word_1_41' title='bbox 441 964 474 1027; x_wconf 95' lang='lat' dir='ltr'>in</span> <span class='ocrx_word' id='word_1_42' title='bbox 499 963 576 1031; x_wconf 91' lang='lat' dir='ltr'>diss.</span> <span class='ocrx_word' id='word_1_43' title='bbox 600 962 684 1031; x_wconf 90' lang='lat' dir='ltr'>laud.</span> <span class='ocrx_word' id='word_1_44' title='bbox 709 984 738 1045; x_wconf 89' lang='lat' dir='ltr'>p.</span> <span class='ocrx_word' id='word_1_45' title='bbox 763 964 807 1029; x_wconf 80' lang='lat'>59</span> <span class='ocrx_word' id='word_1_46' title='bbox 831 966 1004 1043; x_wconf 83' lang='lat' dir='ltr'><strong>enumerat,</strong></span> <span class='ocrx_word' id='word_1_47' title='bbox 1027 964 1060 1028; x_wconf 95' lang='lat' dir='ltr'>in</span> <span class='ocrx_word' id='word_1_48' title='bbox 1084 963 1232 1046; x_wconf 75' lang='lat' dir='ltr'>epistulis</span> <span class='ocrx_word' id='word_1_49' title='bbox 1255 963 1374 1029; x_wconf 84' lang='lat' dir='ltr'>frustra</span> <span class='ocrx_word' id='word_1_50' title='bbox 1389 984 1488 1046; x_wconf 89' lang='lat' dir='ltr'>quae-</span> 
     </span>
     <span class='ocr_line' id='line_1_8' title="bbox 251 1052 1486 1136; baseline -0.001 -16"><span class='ocrx_word' id='word_1_51' title='bbox 251 1074 312 1123; x_wconf 88' lang='lat' dir='ltr'>res.</span> <span class='ocrx_word' id='word_1_52' title='bbox 360 1053 507 1119; x_wconf 80' lang='lat' dir='ltr'>Ceterum</span> <span class='ocrx_word' id='word_1_53' title='bbox 531 1053 610 1119; x_wconf 92' lang='lat' dir='ltr'>locis</span> <span class='ocrx_word' id='word_1_54' title='bbox 628 1072 705 1135; x_wconf 93' lang='lat' dir='ltr'>quos</span> <span class='ocrx_word' id='word_1_55' title='bbox 719 1052 885 1117; x_wconf 83' lang='lat' dir='ltr'>Sohulzius</span> <span class='ocrx_word' id='word_1_56' title='bbox 898 1053 1029 1136; x_wconf 80' lang='lat' dir='ltr'>collegit</span> <span class='ocrx_word' id='word_1_57' title='bbox 1040 1053 1215 1135; x_wconf 85' lang='lat' dir='ltr'>quibusque</span> <span class='ocrx_word' id='word_1_58' title='bbox 1230 1053 1346 1118; x_wconf 89' lang='lat' dir='ltr'>Uhlius</span> <span class='ocrx_word' id='word_1_59' title='bbox 1360 1054 1394 1118; x_wconf 93' lang='lat' dir='ltr'>in</span> <span class='ocrx_word' id='word_1_60' title='bbox 1407 1054 1486 1122; x_wconf 88' lang='lat' dir='ltr'>diss.</span> 
     </span>
     <span class='ocr_line' id='line_1_9' title="bbox 251 1140 1488 1226; baseline -0.001 -18"><span class='ocrx_word' id='word_1_61' title='bbox 251 1144 274 1213; x_wconf 90' lang='lat' dir='ltr'>l.</span> <span class='ocrx_word' id='word_1_62' title='bbox 291 1163 322 1226; x_wconf 93' lang='lat' dir='ltr'>p.</span> <span class='ocrx_word' id='word_1_63' title='bbox 335 1145 377 1209; x_wconf 83' lang='grc'>86</span> <span class='ocrx_word' id='word_1_64' title='bbox 402 1142 452 1226; x_wconf 82' lang='lat' dir='ltr'>(ci.</span> <span class='ocrx_word' id='word_1_65' title='bbox 477 1143 575 1208; x_wconf 86' lang='lat' dir='ltr'>etiam</span> <span class='ocrx_word' id='word_1_66' title='bbox 597 1141 737 1210; x_wconf 86' lang='lat' dir='ltr'>Windel.</span> <span class='ocrx_word' id='word_1_67' title='bbox 761 1142 783 1210; x_wconf 90' lang='lat' dir='ltr'>l.</span> <span class='ocrx_word' id='word_1_68' title='bbox 809 1142 831 1210; x_wconf 92' lang='lat' dir='ltr'>l.</span> <span class='ocrx_word' id='word_1_69' title='bbox 855 1164 885 1225; x_wconf 90' lang='lat' dir='ltr'>p.</span> <span class='ocrx_word' id='word_1_70' title='bbox 912 1143 966 1225; x_wconf 89' lang='grc'>13)</span> <span class='ocrx_word' id='word_1_71' title='bbox 991 1142 1113 1224; x_wconf 88' lang='lat' dir='ltr'>aliquos</span> <span class='ocrx_word' id='word_1_72' title='bbox 1138 1140 1270 1221; x_wconf 88' lang='lat' dir='ltr'>addidit,</span> <span class='ocrx_word' id='word_1_73' title='bbox 1294 1144 1394 1208; x_wconf 91' lang='lat' dir='ltr'>etiam</span> <span class='ocrx_word' id='word_1_74' title='bbox 1417 1144 1488 1207; x_wconf 91' lang='lat' dir='ltr'>adi-</span> 
     </span>
     <span class='ocr_line' id='line_1_10' title="bbox 253 1230 1428 1320; baseline 0 -22"><span class='ocrx_word' id='word_1_75' title='bbox 253 1232 397 1299; x_wconf 91' lang='lat' dir='ltr'>ciendum</span> <span class='ocrx_word' id='word_1_76' title='bbox 421 1234 470 1297; x_wconf 93' lang='lat' dir='ltr'>est</span> <span class='ocrx_word' id='word_1_77' title='bbox 494 1241 663 1320; x_wconf 76' lang='grc' dir='ltr'><strong><em>προσῆκον</em></strong></span> <span class='ocrx_word' id='word_1_78' title='bbox 687 1250 730 1299; x_wconf 90' lang='lat' dir='ltr'>or.</span> <span class='ocrx_word' id='word_1_79' title='bbox 758 1234 873 1311; x_wconf 61' lang='lat' dir='ltr'>temer</span> <span class='ocrx_word' id='word_1_80' title='bbox 900 1233 933 1297; x_wconf 92' lang='lat' dir='ltr'>et</span> <span class='ocrx_word' id='word_1_81' title='bbox 955 1230 1000 1308; x_wconf 81' lang='grc' dir='ltr'>ὡς</span> <span class='ocrx_word' id='word_1_82' title='bbox 1023 1268 1065 1277; x_wconf 93' lang='grc'><strong>-</strong></span> <span class='ocrx_word' id='word_1_83' title='bbox 1089 1232 1165 1297; x_wconf 78' lang='grc' dir='ltr'><strong><em>δέον</em></strong></span> <span class='ocrx_word' id='word_1_84' title='bbox 1188 1251 1326 1314; x_wconf 88' lang='lat' dir='ltr'>prooem.</span> <span class='ocrx_word' id='word_1_85' title='bbox 1351 1235 1428 1311; x_wconf 75' lang='lat'><strong>(47).</strong></span> 
     </span>
    </p>

    <p class='ocr_par' dir='ltr' id='par_1_4' title="bbox 250 1321 1488 3021">
     <span class='ocr_line' id='line_1_11' title="bbox 358 1321 1488 1404; baseline -0.002 -17"><span class='ocrx_word' id='word_1_86' title='bbox 358 1321 476 1387; x_wconf 88' lang='lat' dir='ltr'>Hiatus</span> <span class='ocrx_word' id='word_1_87' title='bbox 509 1340 579 1387; x_wconf 88' lang='lat' dir='ltr'>cum</span> <span class='ocrx_word' id='word_1_88' title='bbox 611 1322 644 1386; x_wconf 93' lang='lat' dir='ltr'>in</span> <span class='ocrx_word' id='word_1_89' title='bbox 668 1322 781 1387; x_wconf 89' lang='lat' dir='ltr'>ceteris</span> <span class='ocrx_word' id='word_1_90' title='bbox 814 1322 962 1404; x_wconf 79' lang='lat' dir='ltr'>epistulis</span> <span class='ocrx_word' id='word_1_91' title='bbox 986 1340 1048 1387; x_wconf 94' lang='lat' dir='ltr'>non</span> <span class='ocrx_word' id='word_1_92' title='bbox 1071 1321 1216 1403; x_wconf 79' lang='lat' dir='ltr'>frequens</span> <span class='ocrx_word' id='word_1_93' title='bbox 1241 1323 1301 1400; x_wconf 87' lang='lat' dir='ltr'>sit,</span> <span class='ocrx_word' id='word_1_94' title='bbox 1332 1322 1366 1386; x_wconf 94' lang='lat' dir='ltr'>in</span> <span class='ocrx_word' id='word_1_95' title='bbox 1389 1322 1488 1387; x_wconf 88' lang='lat' dir='ltr'>tertia</span> 
     </span>
     <span class='ocr_line' id='line_1_12' title="bbox 252 1410 1488 1496; baseline -0.001 -19"><span class='ocrx_word' id='word_1_96' title='bbox 252 1411 423 1496; x_wconf 92' lang='lat' dir='ltr'>quintaque</span> <span class='ocrx_word' id='word_1_97' title='bbox 440 1411 564 1494; x_wconf 92' lang='lat' dir='ltr'>saepius</span> <span class='ocrx_word' id='word_1_98' title='bbox 581 1410 750 1479; x_wconf 89' lang='lat' dir='ltr'>invenitur.</span> <span class='ocrx_word' id='word_1_99' title='bbox 797 1410 899 1490; x_wconf 80' lang='lat' dir='ltr'>Quare</span> <span class='ocrx_word' id='word_1_100' title='bbox 914 1410 1066 1477; x_wconf 89' lang='lat' dir='ltr'>Benseler</span> <span class='ocrx_word' id='word_1_101' title='bbox 1078 1411 1097 1488; x_wconf 87' lang='lat'>¹)</span> <span class='ocrx_word' id='word_1_102' title='bbox 1122 1412 1214 1475; x_wconf 92' lang='lat' dir='ltr'>dicit:</span> <span class='ocrx_word' id='word_1_103' title='bbox 1239 1412 1304 1489; x_wconf 85' lang='lat' dir='ltr'>„le</span> <span class='ocrx_word' id='word_1_104' title='bbox 1319 1411 1371 1475; x_wconf 90' lang='lat' dir='ltr'>his</span> <span class='ocrx_word' id='word_1_105' title='bbox 1386 1411 1488 1495; x_wconf 82' lang='lat' dir='ltr'>igitur</span> 
     </span>
     <span class='ocr_line' id='line_1_13' title="bbox 253 1498 1487 1586; baseline -0.002 -18"><span class='ocrx_word' id='word_1_106' title='bbox 253 1501 398 1585; x_wconf 92' lang='lat' dir='ltr'>epistulis</span> <span class='ocrx_word' id='word_1_107' title='bbox 430 1504 514 1565; x_wconf 89' lang='lat' dir='ltr'>certe</span> <span class='ocrx_word' id='word_1_108' title='bbox 545 1501 675 1565; x_wconf 90' lang='lat' dir='ltr'>tertiam</span> <span class='ocrx_word' id='word_1_109' title='bbox 706 1502 738 1565; x_wconf 97' lang='lat' dir='ltr'>et</span> <span class='ocrx_word' id='word_1_110' title='bbox 769 1501 913 1582; x_wconf 91' lang='lat' dir='ltr'>quintam</span> <span class='ocrx_word' id='word_1_111' title='bbox 935 1500 1030 1586; x_wconf 88' lang='lat' dir='ltr'>(hanc</span> <span class='ocrx_word' id='word_1_112' title='bbox 1053 1520 1126 1564; x_wconf 91' lang='lat' dir='ltr'>cum</span> <span class='ocrx_word' id='word_1_113' title='bbox 1150 1498 1199 1585; x_wconf 83' lang='lat' dir='ltr'>[G.</span> <span class='ocrx_word' id='word_1_114' title='bbox 1224 1498 1278 1586; x_wconf 89' lang='lat' dir='ltr'>H.]</span> <span class='ocrx_word' id='word_1_115' title='bbox 1303 1499 1487 1585; x_wconf 83' lang='lat' dir='ltr'>Schaefero)</span> 
     </span>
     <span class='ocr_line' id='line_1_14' title="bbox 251 1589 1487 1669; baseline -0.002 -12"><span class='ocrx_word' id='word_1_116' title='bbox 251 1591 460 1658; x_wconf 83' lang='lat' dir='ltr'>Demostheni</span> <span class='ocrx_word' id='word_1_117' title='bbox 485 1589 709 1657; x_wconf 91' lang='lat' dir='ltr'>abiudicandas</span> <span class='ocrx_word' id='word_1_118' title='bbox 735 1609 804 1655; x_wconf 91' lang='lat' dir='ltr'>esse</span> <span class='ocrx_word' id='word_1_119' title='bbox 824 1590 976 1669; x_wconf 91' lang='lat' dir='ltr'>arbitror,</span> <span class='ocrx_word' id='word_1_120' title='bbox 1007 1589 1045 1654; x_wconf 93' lang='lat' dir='ltr'>de</span> <span class='ocrx_word' id='word_1_121' title='bbox 1070 1590 1182 1655; x_wconf 91' lang='lat' dir='ltr'>ceteris</span> <span class='ocrx_word' id='word_1_122' title='bbox 1206 1590 1240 1653; x_wconf 94' lang='lat' dir='ltr'>id</span> <span class='ocrx_word' id='word_1_123' title='bbox 1262 1590 1367 1655; x_wconf 89' lang='lat' dir='ltr'>minus</span> <span class='ocrx_word' id='word_1_124' title='bbox 1391 1589 1487 1655; x_wconf 89' lang='lat' dir='ltr'>facile</span> 
     </span>
     <span class='ocr_line' id='line_1_15' title="bbox 252 1678 1487 1765; baseline -0.002 -18"><span class='ocrx_word' id='word_1_125' title='bbox 252 1682 369 1765; x_wconf 89' lang='lat' dir='ltr'>poterit</span> <span class='ocrx_word' id='word_1_126' title='bbox 391 1681 527 1763; x_wconf 90' lang='lat' dir='ltr'>probari.</span> <span class='ocrx_word' id='word_1_127' title='bbox 574 1680 643 1745; x_wconf 88' lang='lat' dir='ltr'>Hoc</span> <span class='ocrx_word' id='word_1_128' title='bbox 667 1678 751 1743; x_wconf 91' lang='lat' dir='ltr'>enim</span> <span class='ocrx_word' id='word_1_129' title='bbox 776 1699 852 1745; x_wconf 90' lang='lat' dir='ltr'>sane</span> <span class='ocrx_word' id='word_1_130' title='bbox 876 1680 1059 1744; x_wconf 85' lang='lat' dir='ltr'>affirmarim</span> <span class='ocrx_word' id='word_1_131' title='bbox 1075 1680 1323 1745; x_wconf 88' lang='lat' dir='ltr'>Demosthenem</span> <span class='ocrx_word' id='word_1_132' title='bbox 1346 1679 1380 1743; x_wconf 95' lang='lat' dir='ltr'>in</span> <span class='ocrx_word' id='word_1_133' title='bbox 1400 1680 1487 1745; x_wconf 91' lang='lat' dir='ltr'>eius-</span> 
     </span>
     <span class='ocr_line' id='line_1_16' title="bbox 252 1769 1485 1852; baseline -0.002 -16"><span class='ocrx_word' id='word_1_134' title='bbox 252 1771 338 1837; x_wconf 89' lang='lat' dir='ltr'>modi</span> <span class='ocrx_word' id='word_1_135' title='bbox 370 1769 516 1852; x_wconf 87' lang='lat' dir='ltr'>epistulis</span> <span class='ocrx_word' id='word_1_136' title='bbox 547 1770 672 1852; x_wconf 86' lang='lat' dir='ltr'>publice</span> <span class='ocrx_word' id='word_1_137' title='bbox 704 1770 813 1835; x_wconf 91' lang='lat' dir='ltr'>missis</span> <span class='ocrx_word' id='word_1_138' title='bbox 844 1770 934 1835; x_wconf 89' lang='lat' dir='ltr'>hiatu</span> <span class='ocrx_word' id='word_1_139' title='bbox 966 1769 1176 1848; x_wconf 82' lang='lat' dir='ltr'>abstinuisse,</span> <span class='ocrx_word' id='word_1_140' title='bbox 1208 1769 1291 1850; x_wconf 93' lang='lat' dir='ltr'>quod</span> <span class='ocrx_word' id='word_1_141' title='bbox 1313 1770 1347 1833; x_wconf 88' lang='lat' dir='ltr'>in</span> <span class='ocrx_word' id='word_1_142' title='bbox 1372 1770 1485 1835; x_wconf 88' lang='lat' dir='ltr'>ceteris</span> 
     </span>
     <span class='ocr_line' id='line_1_17' title="bbox 253 1858 1486 1942; baseline -0.002 -16"><span class='ocrx_word' id='word_1_143' title='bbox 253 1861 350 1927; x_wconf 89' lang='lat' dir='ltr'>etiam</span> <span class='ocrx_word' id='word_1_144' title='bbox 379 1860 499 1925; x_wconf 87' lang='lat' dir='ltr'>factum</span> <span class='ocrx_word' id='word_1_145' title='bbox 531 1878 601 1924; x_wconf 89' lang='lat' dir='ltr'>esse</span> <span class='ocrx_word' id='word_1_146' title='bbox 632 1858 805 1927; x_wconf 86' lang='lat' dir='ltr'>videmus.“</span> <span class='ocrx_word' id='word_1_147' title='bbox 851 1859 996 1924; x_wconf 90' lang='lat' dir='ltr'>Blassius</span> <span class='ocrx_word' id='word_1_148' title='bbox 1028 1878 1100 1923; x_wconf 85' lang='lat' dir='ltr'>vero</span> <span class='ocrx_word' id='word_1_149' title='bbox 1124 1878 1197 1923; x_wconf 90' lang='lat' dir='ltr'>cum</span> <span class='ocrx_word' id='word_1_150' title='bbox 1220 1859 1259 1924; x_wconf 93' lang='lat' dir='ltr'>de</span> <span class='ocrx_word' id='word_1_151' title='bbox 1283 1859 1394 1941; x_wconf 88' lang='lat' dir='ltr'>quinta</span> <span class='ocrx_word' id='word_1_152' title='bbox 1418 1860 1486 1942; x_wconf 92' lang='lat' dir='ltr'>epi-</span> 
     </span>
     <span class='ocr_line' id='line_1_18' title="bbox 253 1947 1484 2029; baseline 0.001 -14"><span class='ocrx_word' id='word_1_153' title='bbox 253 1950 338 2017; x_wconf 90' lang='lat' dir='ltr'>stula</span> <span class='ocrx_word' id='word_1_154' title='bbox 368 1949 453 2013; x_wconf 90' lang='lat' dir='ltr'>idem</span> <span class='ocrx_word' id='word_1_155' title='bbox 483 1948 566 2029; x_wconf 92' lang='lat' dir='ltr'>quod</span> <span class='ocrx_word' id='word_1_156' title='bbox 595 1949 746 2013; x_wconf 91' lang='lat' dir='ltr'>Benseler</span> <span class='ocrx_word' id='word_1_157' title='bbox 778 1948 896 2013; x_wconf 90' lang='lat' dir='ltr'>sentiat</span> <span class='ocrx_word' id='word_1_158' title='bbox 920 1986 961 1993; x_wconf 85' lang='lat'>—</span> <span class='ocrx_word' id='word_1_159' title='bbox 985 1948 1064 2014; x_wconf 93' lang='lat' dir='ltr'>dicit</span> <span class='ocrx_word' id='word_1_160' title='bbox 1095 1948 1179 2013; x_wconf 87' lang='lat' dir='ltr'>enim</span> <span class='ocrx_word' id='word_1_161' title='bbox 1210 1947 1318 2026; x_wconf 78' lang='lat' dir='ltr'>ille2):</span> <span class='ocrx_word' id='word_1_162' title='bbox 1360 1949 1430 2028; x_wconf 92' lang='lat' dir='ltr'>„lm</span> <span class='ocrx_word' id='word_1_163' title='bbox 1452 1950 1484 2017; x_wconf 82' lang='lat'>5.</span> 
     </span>
     <span class='ocr_line' id='line_1_19' title="bbox 251 2037 1487 2117; baseline -0.003 -12"><span class='ocrx_word' id='word_1_164' title='bbox 251 2038 356 2105; x_wconf 86' lang='lat' dir='ltr'>Briefe</span> <span class='ocrx_word' id='word_1_165' title='bbox 379 2038 485 2103; x_wconf 87' lang='lat' dir='ltr'>finden</span> <span class='ocrx_word' id='word_1_166' title='bbox 509 2038 576 2103; x_wconf 91' lang='lat' dir='ltr'>sich</span> <span class='ocrx_word' id='word_1_167' title='bbox 600 2039 741 2103; x_wconf 88' lang='lat' dir='ltr'>mehrere</span> <span class='ocrx_word' id='word_1_168' title='bbox 757 2039 886 2117; x_wconf 88' lang='lat' dir='ltr'>Hiaten,</span> <span class='ocrx_word' id='word_1_169' title='bbox 910 2038 961 2103; x_wconf 91' lang='lat' dir='ltr'>die</span> <span class='ocrx_word' id='word_1_170' title='bbox 985 2037 1063 2103; x_wconf 91' lang='lat' dir='ltr'>doch</span> <span class='ocrx_word' id='word_1_171' title='bbox 1080 2039 1311 2103; x_wconf 89' lang='lat' dir='ltr'>Demosthenes</span> <span class='ocrx_word' id='word_1_172' title='bbox 1332 2038 1366 2101; x_wconf 94' lang='lat' dir='ltr'>in</span> <span class='ocrx_word' id='word_1_173' title='bbox 1382 2039 1487 2103; x_wconf 90' lang='lat' dir='ltr'>seiner</span> 
     </span>
     <span class='ocr_line' id='line_1_20' title="bbox 252 2127 1485 2211; baseline -0.002 -16"><span class='ocrx_word' id='word_1_174' title='bbox 252 2128 378 2211; x_wconf 86' lang='lat' dir='ltr'>Jugend</span> <span class='ocrx_word' id='word_1_175' title='bbox 402 2128 481 2193; x_wconf 93' lang='lat' dir='ltr'>noch</span> <span class='ocrx_word' id='word_1_176' title='bbox 506 2130 651 2211; x_wconf 86' lang='lat' dir='ltr'>strenger</span> <span class='ocrx_word' id='word_1_177' title='bbox 674 2129 721 2193; x_wconf 80' lang='lat' dir='ltr'>als</span> <span class='ocrx_word' id='word_1_178' title='bbox 746 2130 854 2210; x_wconf 76' lang='lat' dir='ltr'>apaten</span> <span class='ocrx_word' id='word_1_179' title='bbox 876 2128 980 2193; x_wconf 86' lang='lat' dir='ltr'>mied“</span> <span class='ocrx_word' id='word_1_180' title='bbox 994 2166 1046 2207; x_wconf 91' lang='lat'>-,</span> <span class='ocrx_word' id='word_1_181' title='bbox 1071 2127 1109 2192; x_wconf 92' lang='lat' dir='ltr'>de</span> <span class='ocrx_word' id='word_1_182' title='bbox 1125 2128 1221 2192; x_wconf 87' lang='lat' dir='ltr'>tertia</span> <span class='ocrx_word' id='word_1_183' title='bbox 1237 2127 1376 2210; x_wconf 81' lang='lat' dir='ltr'>epistula</span> <span class='ocrx_word' id='word_1_184' title='bbox 1392 2128 1485 2193; x_wconf 90' lang='lat' dir='ltr'>aliter</span> 
     </span>
     <span class='ocr_line' id='line_1_21' title="bbox 251 2216 1484 2301; baseline -0.002 -18"><span class='ocrx_word' id='word_1_185' title='bbox 251 2218 372 2283; x_wconf 88' lang='lat' dir='ltr'>iudicat</span> <span class='ocrx_word' id='word_1_186' title='bbox 394 2218 475 2282; x_wconf 90' lang='lat' dir='ltr'>hanc</span> <span class='ocrx_word' id='word_1_187' title='bbox 501 2217 601 2283; x_wconf 84' lang='lat' dir='ltr'>ferens</span> <span class='ocrx_word' id='word_1_188' title='bbox 626 2218 835 2283; x_wconf 90' lang='lat' dir='ltr'>sententiam:</span> <span class='ocrx_word' id='word_1_189' title='bbox 860 2217 1067 2301; x_wconf 61' lang='lat' dir='ltr'>,Anstbssige</span> <span class='ocrx_word' id='word_1_190' title='bbox 1086 2217 1205 2282; x_wconf 90' lang='lat' dir='ltr'>Hiaten</span> <span class='ocrx_word' id='word_1_191' title='bbox 1228 2216 1334 2281; x_wconf 89' lang='lat' dir='ltr'>finden</span> <span class='ocrx_word' id='word_1_192' title='bbox 1358 2217 1427 2282; x_wconf 89' lang='lat' dir='ltr'>sich</span> <span class='ocrx_word' id='word_1_193' title='bbox 1451 2219 1484 2281; x_wconf 92' lang='lat' dir='ltr'>in</span> 
     </span>
     <span class='ocr_line' id='line_1_22' title="bbox 253 2305 1484 2391; baseline -0.001 -19"><span class='ocrx_word' id='word_1_194' title='bbox 253 2307 312 2372; x_wconf 91' lang='lat' dir='ltr'>den</span> <span class='ocrx_word' id='word_1_195' title='bbox 339 2310 377 2373; x_wconf 77' lang='lat'>71</span> <span class='ocrx_word' id='word_1_196' title='bbox 403 2307 624 2390; x_wconf 84' lang='lat' dir='ltr'>Peragraphen</span> <span class='ocrx_word' id='word_1_197' title='bbox 656 2305 716 2391; x_wconf 88' lang='lat' dir='ltr'>(sc.</span> <span class='ocrx_word' id='word_1_198' title='bbox 749 2307 904 2372; x_wconf 90' lang='lat' dir='ltr'>secundae</span> <span class='ocrx_word' id='word_1_199' title='bbox 934 2307 1109 2387; x_wconf 84' lang='lat' dir='ltr'>tertiaeque</span> <span class='ocrx_word' id='word_1_200' title='bbox 1142 2305 1310 2391; x_wconf 83' lang='lat' dir='ltr'>epistulae)</span> <span class='ocrx_word' id='word_1_201' title='bbox 1334 2326 1394 2371; x_wconf 89' lang='lat' dir='ltr'>nur</span> <span class='ocrx_word' id='word_1_202' title='bbox 1418 2306 1484 2371; x_wconf 90' lang='lat' dir='ltr'>drei</span> 
     </span>
     <span class='ocr_line' id='line_1_23' title="bbox 250 2396 1484 2481; baseline -0.002 -18"><span class='ocrx_word' id='word_1_203' title='bbox 250 2398 301 2463; x_wconf 91' lang='lat' dir='ltr'>bis</span> <span class='ocrx_word' id='word_1_204' title='bbox 326 2397 409 2463; x_wconf 70' lang='grc' dir='ltr'>εἰειιι</span> <span class='ocrx_word' id='word_1_205' title='bbox 434 2397 477 2480; x_wconf 91' lang='lat' dir='ltr'>(p.</span> <span class='ocrx_word' id='word_1_206' title='bbox 502 2397 591 2481; x_wconf 84' lang='lat'><strong>391).</strong></span> <span class='ocrx_word' id='word_1_207' title='bbox 637 2397 789 2464; x_wconf 84' lang='lat' dir='ltr'>Attamen</span> <span class='ocrx_word' id='word_1_208' title='bbox 813 2416 885 2463; x_wconf 90' lang='lat' dir='ltr'>cum</span> <span class='ocrx_word' id='word_1_209' title='bbox 904 2396 937 2461; x_wconf 90' lang='lat' dir='ltr'>in</span> <span class='ocrx_word' id='word_1_210' title='bbox 955 2396 1092 2461; x_wconf 88' lang='lat' dir='ltr'>secunda</span> <span class='ocrx_word' id='word_1_211' title='bbox 1107 2396 1246 2479; x_wconf 88' lang='lat' dir='ltr'>epistula</span> <span class='ocrx_word' id='word_1_212' title='bbox 1261 2415 1342 2461; x_wconf 90' lang='lat' dir='ltr'>unus</span> <span class='ocrx_word' id='word_1_213' title='bbox 1359 2398 1484 2463; x_wconf 90' lang='lat' dir='ltr'>tantum</span> 
     </span>
     <span class='ocr_line' id='line_1_24' title="bbox 251 2486 1482 2574; baseline -0.002 -21"><span class='ocrx_word' id='word_1_214' title='bbox 251 2489 357 2553; x_wconf 88' lang='lat' dir='ltr'>hiatus</span> <span class='ocrx_word' id='word_1_215' title='bbox 382 2487 413 2570; x_wconf 61' lang='grc' dir='ltr'>(ᾗ</span> <span class='ocrx_word' id='word_1_216' title='bbox 439 2489 501 2552; x_wconf 81' lang='lat'>20:</span> <span class='ocrx_word' id='word_1_217' title='bbox 533 2512 590 2570; x_wconf 84' lang='grc' dir='ltr'>μοι</span> <span class='ocrx_word' id='word_1_218' title='bbox 612 2486 787 2574; x_wconf 80' lang='grc' dir='ltr'><strong><em>ὑπάρχειν)</em></strong></span> <span class='ocrx_word' id='word_1_219' title='bbox 811 2487 899 2566; x_wconf 91' lang='lat' dir='ltr'>insit,</span> <span class='ocrx_word' id='word_1_220' title='bbox 923 2488 1017 2568; x_wconf 89' lang='lat' dir='ltr'>atque</span> <span class='ocrx_word' id='word_1_221' title='bbox 1040 2505 1153 2551; x_wconf 83' lang='lat' dir='ltr'>novem</span> <span class='ocrx_word' id='word_1_222' title='bbox 1177 2487 1306 2552; x_wconf 90' lang='lat' dir='ltr'>illorum</span> <span class='ocrx_word' id='word_1_223' title='bbox 1329 2487 1482 2565; x_wconf 90' lang='lat' dir='ltr'>hiatuum,</span> 
     </span>
     <span class='ocr_line' id='line_1_25' title="bbox 251 2576 1482 2659; baseline 0 -17"><span class='ocrx_word' id='word_1_224' title='bbox 251 2597 329 2659; x_wconf 93' lang='lat' dir='ltr'>quos</span> <span class='ocrx_word' id='word_1_225' title='bbox 348 2577 500 2642; x_wconf 89' lang='lat' dir='ltr'>Benseler</span> <span class='ocrx_word' id='word_1_226' title='bbox 523 2595 540 2641; x_wconf 92' lang='lat' dir='ltr'>e</span> <span class='ocrx_word' id='word_1_227' title='bbox 563 2576 658 2641; x_wconf 88' lang='lat' dir='ltr'>tertia</span> <span class='ocrx_word' id='word_1_228' title='bbox 682 2578 819 2658; x_wconf 87' lang='lat' dir='ltr'>epistula</span> <span class='ocrx_word' id='word_1_229' title='bbox 842 2576 1046 2659; x_wconf 86' lang='lat' dir='ltr'>deprompsit,</span> <span class='ocrx_word' id='word_1_230' title='bbox 1070 2595 1152 2641; x_wconf 92' lang='lat' dir='ltr'>unus</span> <span class='ocrx_word' id='word_1_231' title='bbox 1176 2596 1194 2641; x_wconf 89' lang='lat' dir='ltr'>a</span> <span class='ocrx_word' id='word_1_232' title='bbox 1220 2577 1347 2642; x_wconf 91' lang='lat' dir='ltr'>Blassio</span> <span class='ocrx_word' id='word_1_233' title='bbox 1380 2577 1482 2643; x_wconf 90' lang='lat' dir='ltr'>conie-</span> 
     </span>
     <span class='ocr_line' id='line_1_26' title="bbox 252 2665 1482 2752; baseline -0.002 -20"><span class='ocrx_word' id='word_1_234' title='bbox 252 2670 341 2732; x_wconf 83' lang='lat' dir='ltr'>ctura</span> <span class='ocrx_word' id='word_1_235' title='bbox 358 2665 389 2749; x_wconf 66' lang='grc' dir='ltr'>(ξ</span> <span class='ocrx_word' id='word_1_236' title='bbox 404 2667 445 2731; x_wconf 90' lang='grc'>10</span> <span class='ocrx_word' id='word_1_237' title='bbox 468 2667 689 2749; x_wconf 74' lang='grc' dir='ltr'><strong><em>βουλεύεσθαι</em></strong></span> <span class='ocrx_word' id='word_1_238' title='bbox 713 2665 875 2752; x_wconf 74' lang='grc' dir='ltr'>ἐγνώκατε</span> <span class='ocrx_word' id='word_1_239' title='bbox 884 2691 893 2746; x_wconf 86' lang='grc'>,·</span> <span class='ocrx_word' id='word_1_240' title='bbox 918 2666 1105 2731; x_wconf 83' lang='lat' dir='ltr'>alterutrum</span> <span class='ocrx_word' id='word_1_241' title='bbox 1122 2667 1215 2745; x_wconf 91' lang='lat' dir='ltr'>euim,</span> <span class='ocrx_word' id='word_1_242' title='bbox 1232 2666 1297 2731; x_wconf 87' lang='lat' dir='ltr'>sive</span> <span class='ocrx_word' id='word_1_243' title='bbox 1314 2665 1482 2749; x_wconf 76' lang='grc' dir='ltr'><strong><em>ἐβουλεύε-</em></strong></span> 
     </span>
     <span class='ocr_line' id='line_1_27' title="bbox 251 2753 1480 2841; baseline -0.002 -19"><span class='ocrx_word' id='word_1_244' title='bbox 251 2763 315 2822; x_wconf 69' lang='grc' dir='ltr'>σθε</span> <span class='ocrx_word' id='word_1_245' title='bbox 339 2755 405 2820; x_wconf 84' lang='lat' dir='ltr'>sive</span> <span class='ocrx_word' id='word_1_246' title='bbox 430 2753 600 2841; x_wconf 74' lang='grc' dir='ltr'><strong><em>ἐγνώκατε,</em></strong></span> <span class='ocrx_word' id='word_1_247' title='bbox 627 2755 722 2820; x_wconf 84' lang='lat' dir='ltr'>scribi</span> <span class='ocrx_word' id='word_1_248' title='bbox 745 2755 828 2840; x_wconf 77' lang='lat' dir='ltr'>vult)</span> <span class='ocrx_word' id='word_1_249' title='bbox 852 2755 999 2835; x_wconf 89' lang='lat' dir='ltr'>tollatur,</span> <span class='ocrx_word' id='word_1_250' title='bbox 1023 2755 1244 2837; x_wconf 89' lang='lat' dir='ltr'>relinquuntur</span> <span class='ocrx_word' id='word_1_251' title='bbox 1268 2758 1337 2821; x_wconf 92' lang='lat' dir='ltr'>octo</span> <span class='ocrx_word' id='word_1_252' title='bbox 1362 2757 1396 2821; x_wconf 94' lang='lat' dir='ltr'>hi</span> <span class='ocrx_word' id='word_1_253' title='bbox 1420 2759 1480 2820; x_wconf 87' lang='lat' dir='ltr'>ter-</span> 
     </span>
     <span class='ocr_line' id='line_1_28' title="bbox 250 2842 1478 2934; baseline -0.001 -24"><span class='ocrx_word' id='word_1_254' title='bbox 250 2847 314 2910; x_wconf 82' lang='lat' dir='ltr'>tiae</span> <span class='ocrx_word' id='word_1_255' title='bbox 339 2845 493 2927; x_wconf 82' lang='lat' dir='ltr'>epistulae</span> <span class='ocrx_word' id='word_1_256' title='bbox 517 2844 634 2924; x_wconf 77' lang='lat' dir='ltr'>hiatuS,</span> <span class='ocrx_word' id='word_1_257' title='bbox 659 2845 677 2927; x_wconf 65' lang='grc' dir='ltr'>ἓ</span> <span class='ocrx_word' id='word_1_258' title='bbox 696 2847 736 2909; x_wconf 84' lang='grc'>18</span> <span class='ocrx_word' id='word_1_259' title='bbox 753 2847 850 2910; x_wconf 82' lang='grc' dir='ltr'><strong><em>πόλει</em></strong></span> <span class='ocrx_word' id='word_1_260' title='bbox 865 2844 978 2927; x_wconf 79' lang='grc' dir='ltr'><strong><em>ἰσχύει,</em></strong></span> <span class='ocrx_word' id='word_1_261' title='bbox 1004 2845 1023 2928; x_wconf 64' lang='grc' dir='ltr'><strong>ἓ</strong></span> <span class='ocrx_word' id='word_1_262' title='bbox 1040 2845 1081 2909; x_wconf 82' lang='lat'>26</span> <span class='ocrx_word' id='word_1_263' title='bbox 1098 2842 1315 2930; x_wconf 66' lang='grc' dir='ltr'><strong><em>Ἀλεξάνδραν</em></strong></span> <span class='ocrx_word' id='word_1_264' title='bbox 1332 2845 1478 2934; x_wconf 81' lang='grc' dir='ltr'><strong><em>ἀφέντες,</em></strong></span> 
     </span>
     <span class='ocr_line' id='line_1_29' title="bbox 250 2933 1480 3021; baseline -0.002 -21"><span class='ocrx_word' id='word_1_265' title='bbox 250 2937 268 3019; x_wconf 64' lang='grc' dir='ltr'>ξ</span> <span class='ocrx_word' id='word_1_266' title='bbox 293 2937 333 3001; x_wconf 79' lang='lat'>27</span> <span class='ocrx_word' id='word_1_267' title='bbox 360 2939 664 3021; x_wconf 75' lang='grc' dir='ltr'><strong><em>παρακαταθέσθαι</em></strong></span> <span class='ocrx_word' id='word_1_268' title='bbox 687 2933 823 3015; x_wconf 78' lang='grc' dir='ltr'><strong><em>ἑαυτόν,</em></strong></span> <span class='ocrx_word' id='word_1_269' title='bbox 849 2935 867 3018; x_wconf 65' lang='grc' dir='ltr'>ξ</span> <span class='ocrx_word' id='word_1_270' title='bbox 891 2936 933 2999; x_wconf 86' lang='grc'>33</span> <span class='ocrx_word' id='word_1_271' title='bbox 958 2935 1210 3017; x_wconf 79' lang='grc' dir='ltr'><strong><em>πολιτευόμενοι</em></strong></span> <span class='ocrx_word' id='word_1_272' title='bbox 1232 2934 1372 3016; x_wconf 75' lang='grc' dir='ltr'><strong><em>οὐδένα,</em></strong></span> <span class='ocrx_word' id='word_1_273' title='bbox 1402 2936 1480 3000; x_wconf 86' lang='lat' dir='ltr'>hunc</span> 
     </span>
    </p>
   </div>
   <div class='ocr_carea' id='block_1_3' title="bbox 252 3023 1580 3117">
    <p class='ocr_par' dir='ltr' id='par_1_5' title="bbox 252 3023 1580 3117">
     <span class='ocr_line' id='line_1_30' title="bbox 252 3023 1580 3117; baseline 0 -29"><span class='ocrx_word' id='word_1_274' title='bbox 252 3043 323 3090; x_wconf 86' lang='lat' dir='ltr'>vero</span> <span class='ocrx_word' id='word_1_275' title='bbox 347 3043 416 3089; x_wconf 89' lang='lat' dir='ltr'>esse</span> <span class='ocrx_word' id='word_1_276' title='bbox 439 3025 564 3089; x_wconf 89' lang='lat' dir='ltr'>hiatum</span> <span class='ocrx_word' id='word_1_277' title='bbox 585 3023 730 3089; x_wconf 88' lang='lat' dir='ltr'>Blassius</span> <span class='ocrx_word' id='word_1_278' title='bbox 753 3023 889 3089; x_wconf 85' lang='lat' dir='ltr'>fortasse</span> <span class='ocrx_word' id='word_1_279' title='bbox 911 3023 1051 3107; x_wconf 84' lang='lat' dir='ltr'>negabit,</span> <span class='ocrx_word' id='word_1_280' title='bbox 1076 3024 1149 3106; x_wconf 88' lang='lat' dir='ltr'>quia</span> <span class='ocrx_word' id='word_1_281' title='bbox 1171 3024 1205 3088; x_wconf 92' lang='lat' dir='ltr'>in</span> <span class='ocrx_word' id='word_1_282' title='bbox 1228 3043 1304 3090; x_wconf 86' lang='lat' dir='ltr'>voce</span> <span class='ocrx_word' id='word_1_283' title='bbox 1328 3025 1479 3090; x_wconf 78' lang='grc' dir='ltr'><strong><em>πολιιεα-</em></strong></span> <span class='ocrx_word' id='word_1_284' title='bbox 1575 3104 1580 3117; x_wconf 44' lang='grc' dir='ltr'>Ι</span> 
     </span>
    </p>
   </div>
   <div class='ocr_carea' id='block_1_4' title="bbox 248 3112 1478 3912">
    <p class='ocr_par' dir='ltr' id='par_1_6' title="bbox 250 3112 1478 3464">
     <span class='ocr_line' id='line_1_31' title="bbox 251 3112 1478 3200; baseline -0.004 -20"><span class='ocrx_word' id='word_1_285' title='bbox 251 3118 363 3197; x_wconf 78' lang='grc' dir='ltr'><strong><em>όιιενσι</em></strong></span> <span class='ocrx_word' id='word_1_286' title='bbox 386 3114 447 3179; x_wconf 89' lang='lat' dir='ltr'>coli</span> <span class='ocrx_word' id='word_1_287' title='bbox 472 3113 555 3196; x_wconf 91' lang='lat' dir='ltr'>quod</span> <span class='ocrx_word' id='word_1_288' title='bbox 579 3114 707 3179; x_wconf 91' lang='lat' dir='ltr'>vocatur</span> <span class='ocrx_word' id='word_1_289' title='bbox 730 3113 802 3178; x_wconf 89' lang='lat' dir='ltr'>finis</span> <span class='ocrx_word' id='word_1_290' title='bbox 827 3114 879 3192; x_wconf 88' lang='lat' dir='ltr'>sit,</span> <span class='ocrx_word' id='word_1_291' title='bbox 903 3115 922 3196; x_wconf 64' lang='grc' dir='ltr'>ἓ</span> <span class='ocrx_word' id='word_1_292' title='bbox 945 3114 988 3178; x_wconf 80' lang='lat'>35</span> <span class='ocrx_word' id='word_1_293' title='bbox 1013 3118 1198 3200; x_wconf 70' lang='grc' dir='ltr'><strong><em>φαίνεσθαι</em></strong></span> <span class='ocrx_word' id='word_1_294' title='bbox 1212 3112 1306 3196; x_wconf 79' lang='grc' dir='ltr'><strong><em>ἐ’χιιν,</em></strong></span> <span class='ocrx_word' id='word_1_295' title='bbox 1332 3116 1412 3194; x_wconf 70' lang='lat'>§39</span> <span class='ocrx_word' id='word_1_296' title='bbox 1427 3137 1478 3196; x_wconf 83' lang='grc' dir='ltr'>μοι</span> 
     </span>
     <span class='ocr_line' id='line_1_32' title="bbox 250 3202 1477 3291; baseline -0.003 -23"><span class='ocrx_word' id='word_1_297' title='bbox 250 3205 374 3291; x_wconf 76' lang='grc' dir='ltr'><strong><em>ἄφιξιν,</em></strong></span> <span class='ocrx_word' id='word_1_298' title='bbox 400 3204 418 3286; x_wconf 64' lang='grc' dir='ltr'><strong>ἓ</strong></span> <span class='ocrx_word' id='word_1_299' title='bbox 442 3204 486 3268; x_wconf 84' lang='grc'>40</span> <span class='ocrx_word' id='word_1_300' title='bbox 509 3202 715 3269; x_wconf 72' lang='grc' dir='ltr'><strong><em>ἐπίστασθαι</em></strong></span> <span class='ocrx_word' id='word_1_301' title='bbox 731 3204 960 3286; x_wconf 71' lang='grc' dir='ltr'><strong><em>αἰσχύνεσθαι,</em></strong></span> <span class='ocrx_word' id='word_1_302' title='bbox 986 3204 1065 3286; x_wconf 70' lang='lat'>§44</span> <span class='ocrx_word' id='word_1_303' title='bbox 1081 3202 1195 3289; x_wconf 78' lang='grc' dir='ltr'><strong><em>εὐνοίᾳ</em></strong></span> <span class='ocrx_word' id='word_1_304' title='bbox 1211 3203 1325 3279; x_wconf 76' lang='grc' dir='ltr'><strong><em>οὕτως.</em></strong></span> <span class='ocrx_word' id='word_1_305' title='bbox 1373 3203 1477 3283; x_wconf 87' lang='lat' dir='ltr'>Itaque</span> 
     </span>
     <span class='ocr_line' id='line_1_33' title="bbox 251 3290 1475 3376; baseline -0.004 -18"><span class='ocrx_word' id='word_1_306' title='bbox 251 3311 287 3358; x_wconf 86' lang='lat' dir='ltr'>ex</span> <span class='ocrx_word' id='word_1_307' title='bbox 318 3292 379 3358; x_wconf 84' lang='lat' dir='ltr'>his¹</span> <span class='ocrx_word' id='word_1_308' title='bbox 393 3293 587 3375; x_wconf 85' lang='lat' dir='ltr'>argumentis</span> <span class='ocrx_word' id='word_1_309' title='bbox 613 3293 651 3358; x_wconf 89' lang='lat' dir='ltr'>ab</span> <span class='ocrx_word' id='word_1_310' title='bbox 674 3294 764 3359; x_wconf 88' lang='lat' dir='ltr'>hiatu</span> <span class='ocrx_word' id='word_1_311' title='bbox 787 3293 899 3376; x_wconf 90' lang='lat' dir='ltr'>petitis</span> <span class='ocrx_word' id='word_1_312' title='bbox 923 3292 1004 3356; x_wconf 91' lang='lat' dir='ltr'>nihil</span> <span class='ocrx_word' id='word_1_313' title='bbox 1028 3293 1105 3357; x_wconf 86' lang='lat' dir='ltr'>certi</span> <span class='ocrx_word' id='word_1_314' title='bbox 1129 3291 1167 3356; x_wconf 92' lang='lat' dir='ltr'>de</span> <span class='ocrx_word' id='word_1_315' title='bbox 1191 3292 1400 3374; x_wconf 88' lang='lat' dir='ltr'>epistularum</span> <span class='ocrx_word' id='word_1_316' title='bbox 1421 3290 1475 3356; x_wconf 88' lang='lat' dir='ltr'>fide</span> 
     </span>
     <span class='ocr_line' id='line_1_34' title="bbox 250 3382 685 3464; baseline 0.011 -17"><span class='ocrx_word' id='word_1_317' title='bbox 250 3382 360 3464; x_wconf 85' lang='lat' dir='ltr'>colligi</span> <span class='ocrx_word' id='word_1_318' title='bbox 383 3401 476 3463; x_wconf 90' lang='lat' dir='ltr'>posse</span> <span class='ocrx_word' id='word_1_319' title='bbox 499 3383 685 3464; x_wconf 87' lang='lat' dir='ltr'>putaverim.</span> 
     </span>
    </p>

    <p class='ocr_par' dir='ltr' id='par_1_7' title="bbox 248 3469 1475 3912">
     <span class='ocr_line' id='line_1_35' title="bbox 356 3469 1475 3554; baseline -0.004 -18"><span class='ocrx_word' id='word_1_320' title='bbox 356 3470 423 3536; x_wconf 89' lang='lat' dir='ltr'>Nec</span> <span class='ocrx_word' id='word_1_321' title='bbox 453 3490 525 3536; x_wconf 89' lang='lat' dir='ltr'>vero</span> <span class='ocrx_word' id='word_1_322' title='bbox 557 3472 660 3554; x_wconf 85' lang='lat' dir='ltr'>magis</span> <span class='ocrx_word' id='word_1_323' title='bbox 692 3491 729 3537; x_wconf 81' lang='lat' dir='ltr'>ex</span> <span class='ocrx_word' id='word_1_324' title='bbox 760 3491 797 3536; x_wconf 93' lang='lat' dir='ltr'>ea</span> <span class='ocrx_word' id='word_1_325' title='bbox 827 3472 914 3554; x_wconf 85' lang='lat' dir='ltr'>lege,</span> <span class='ocrx_word' id='word_1_326' title='bbox 946 3489 1042 3552; x_wconf 89' lang='lat' dir='ltr'>quam</span> <span class='ocrx_word' id='word_1_327' title='bbox 1064 3470 1209 3535; x_wconf 89' lang='lat' dir='ltr'>Blassius</span> <span class='ocrx_word' id='word_1_328' title='bbox 1241 3470 1420 3536; x_wconf 82' lang='lat' dir='ltr'>observavit</span> <span class='ocrx_word' id='word_1_329' title='bbox 1447 3469 1475 3532; x_wconf 90' lang='lat' dir='ltr'>et</span> 
     </span>
     <span class='ocr_line' id='line_1_36' title="bbox 249 3558 1472 3645; baseline -0.004 -20"><span class='ocrx_word' id='word_1_330' title='bbox 249 3559 461 3645; x_wconf 79' lang='lat' dir='ltr'>rhythmicam</span> <span class='ocrx_word' id='word_1_331' title='bbox 485 3560 667 3643; x_wconf 85' lang='lat' dir='ltr'>appellavit,</span> <span class='ocrx_word' id='word_1_332' title='bbox 692 3562 865 3626; x_wconf 91' lang='lat' dir='ltr'>secundum</span> <span class='ocrx_word' id='word_1_333' title='bbox 888 3579 982 3643; x_wconf 88' lang='lat' dir='ltr'>quam</span> <span class='ocrx_word' id='word_1_334' title='bbox 998 3560 1230 3626; x_wconf 88' lang='lat' dir='ltr'>Demosthenes</span> <span class='ocrx_word' id='word_1_335' title='bbox 1248 3563 1339 3626; x_wconf 87' lang='lat' dir='ltr'>cavet</span> <span class='ocrx_word' id='word_1_336' title='bbox 1355 3580 1393 3624; x_wconf 95' lang='lat' dir='ltr'>ne</span> <span class='ocrx_word' id='word_1_337' title='bbox 1408 3558 1472 3641; x_wconf 92' lang='lat' dir='ltr'>plus</span> 
     </span>
     <span class='ocr_line' id='line_1_37' title="bbox 250 3649 1472 3732; baseline -0.004 -18"><span class='ocrx_word' id='word_1_338' title='bbox 250 3669 344 3732; x_wconf 89' lang='lat' dir='ltr'>quem</span> <span class='ocrx_word' id='word_1_339' title='bbox 376 3650 456 3715; x_wconf 93' lang='lat' dir='ltr'>duae</span> <span class='ocrx_word' id='word_1_340' title='bbox 487 3650 597 3714; x_wconf 86' lang='lat' dir='ltr'>breves</span> <span class='ocrx_word' id='word_1_341' title='bbox 630 3649 771 3732; x_wconf 83' lang='lat' dir='ltr'>syllabae</span> <span class='ocrx_word' id='word_1_342' title='bbox 803 3651 949 3732; x_wconf 89' lang='lat' dir='ltr'>deinceps</span> <span class='ocrx_word' id='word_1_343' title='bbox 982 3652 1169 3731; x_wconf 89' lang='lat' dir='ltr'>sequantur,</span> <span class='ocrx_word' id='word_1_344' title='bbox 1207 3649 1244 3714; x_wconf 91' lang='lat' dir='ltr'>de</span> <span class='ocrx_word' id='word_1_345' title='bbox 1277 3649 1472 3732; x_wconf 89' lang='lat' dir='ltr'>epistularum</span> 
     </span>
     <span class='ocr_line' id='line_1_38' title="bbox 250 3737 1471 3821; baseline -0.003 -17"><span class='ocrx_word' id='word_1_346' title='bbox 250 3739 437 3805; x_wconf 88' lang='lat' dir='ltr'>auctoritate</span> <span class='ocrx_word' id='word_1_347' title='bbox 462 3741 582 3804; x_wconf 90' lang='lat' dir='ltr'>certum</span> <span class='ocrx_word' id='word_1_348' title='bbox 605 3738 758 3804; x_wconf 90' lang='lat' dir='ltr'>iudicium</span> <span class='ocrx_word' id='word_1_349' title='bbox 787 3739 862 3804; x_wconf 83' lang='lat' dir='ltr'>ferri</span> <span class='ocrx_word' id='word_1_350' title='bbox 893 3740 1008 3821; x_wconf 89' lang='lat' dir='ltr'>potest.</span> <span class='ocrx_word' id='word_1_351' title='bbox 1055 3737 1140 3803; x_wconf 88' lang='lat' dir='ltr'>Nam</span> <span class='ocrx_word' id='word_1_352' title='bbox 1172 3742 1208 3804; x_wconf 92' lang='lat' dir='ltr'>ut</span> <span class='ocrx_word' id='word_1_353' title='bbox 1239 3739 1382 3820; x_wconf 87' lang='lat' dir='ltr'>quintam</span> <span class='ocrx_word' id='word_1_354' title='bbox 1411 3754 1471 3801; x_wconf 81' lang='lat' dir='ltr'>ser-</span> 
     </span>
     <span class='ocr_line' id='line_1_39' title="bbox 248 3827 1470 3912; baseline -0.002 -20"><span class='ocrx_word' id='word_1_355' title='bbox 248 3829 376 3911; x_wconf 88' lang='lat' dir='ltr'>tamque</span> <span class='ocrx_word' id='word_1_356' title='bbox 401 3828 581 3910; x_wconf 89' lang='lat' dir='ltr'>epistulam,</span> <span class='ocrx_word' id='word_1_357' title='bbox 605 3828 638 3894; x_wconf 93' lang='lat' dir='ltr'>in</span> <span class='ocrx_word' id='word_1_358' title='bbox 663 3828 776 3910; x_wconf 89' lang='lat' dir='ltr'>quibus</span> <span class='ocrx_word' id='word_1_359' title='bbox 800 3829 851 3893; x_wconf 84' lang='lat' dir='ltr'>lex</span> <span class='ocrx_word' id='word_1_360' title='bbox 874 3828 932 3893; x_wconf 86' lang='lat' dir='ltr'>illa</span> <span class='ocrx_word' id='word_1_361' title='bbox 955 3828 1082 3894; x_wconf 94' lang='lat' dir='ltr'>omnino</span> <span class='ocrx_word' id='word_1_362' title='bbox 1106 3828 1279 3912; x_wconf 76' lang='lat' dir='ltr'>neglecta3)</span> <span class='ocrx_word' id='word_1_363' title='bbox 1299 3831 1356 3907; x_wconf 90' lang='lat' dir='ltr'>est,</span> <span class='ocrx_word' id='word_1_364' title='bbox 1373 3827 1470 3892; x_wconf 87' lang='lat' dir='ltr'>mitta·</span> 
     </span>
    </p>
   </div>
   <div class='ocr_carea' id='block_1_5' title="bbox 248 4109 1467 4444">
    <p class='ocr_par' dir='ltr' id='par_1_8' title="bbox 248 4109 1467 4357">
     <span class='ocr_line' id='line_1_40' title="bbox 359 4109 1467 4183; baseline 0.002 -17"><span class='ocrx_word' id='word_1_365' title='bbox 359 4113 384 4181; x_wconf 87' lang='lat' dir='ltr'>l)</span> <span class='ocrx_word' id='word_1_366' title='bbox 403 4113 444 4166; x_wconf 91' lang='lat' dir='ltr'>Dc</span> <span class='ocrx_word' id='word_1_367' title='bbox 462 4113 539 4166; x_wconf 89' lang='lat' dir='ltr'>hiatu</span> <span class='ocrx_word' id='word_1_368' title='bbox 563 4112 591 4166; x_wconf 93' lang='lat' dir='ltr'>in</span> <span class='ocrx_word' id='word_1_369' title='bbox 611 4111 761 4166; x_wconf 84' lang='lat' dir='ltr'>oratoribus</span> <span class='ocrx_word' id='word_1_370' title='bbox 781 4112 871 4167; x_wconf 88' lang='lat' dir='ltr'>atticis</span> <span class='ocrx_word' id='word_1_371' title='bbox 899 4116 927 4167; x_wconf 90' lang='lat' dir='ltr'>et</span> <span class='ocrx_word' id='word_1_372' title='bbox 943 4113 1081 4168; x_wconf 87' lang='lat' dir='ltr'>historicis</span> <span class='ocrx_word' id='word_1_373' title='bbox 1107 4113 1219 4183; x_wconf 83' lang='lat' dir='ltr'>graecis,</span> <span class='ocrx_word' id='word_1_374' title='bbox 1238 4113 1383 4183; x_wconf 82' lang='lat' dir='ltr'>Fribergae</span> <span class='ocrx_word' id='word_1_375' title='bbox 1403 4109 1467 4168; x_wconf 73' lang='lat' dir='ltr'>rell,</span> 
     </span>
     <span class='ocr_line' id='line_1_41' title="bbox 270 4203 356 4254; baseline 0.012 -1"><span class='ocrx_word' id='word_1_376' title='bbox 270 4241 276 4253; x_wconf 93' lang='lat'>.</span> <span class='ocrx_word' id='word_1_377' title='bbox 299 4203 356 4254; x_wconf 85' lang='lat'>155.</span> 
     </span>
     <span class='ocr_line' id='line_1_42' title="bbox 248 4218 798 4357; baseline 0.004 -18"><span class='ocrx_word' id='word_1_378' title='bbox 248 4218 265 4268; x_wconf 65' lang='lat' dir='ltr'><strong>p</strong></span> <span class='ocrx_word' id='word_1_379' title='bbox 359 4291 382 4350; x_wconf 75' lang='lat' dir='ltr'>a)</span> <span class='ocrx_word' id='word_1_380' title='bbox 405 4289 457 4341; x_wconf 75' lang='lat' dir='ltr'>nra</span> <span class='ocrx_word' id='word_1_381' title='bbox 476 4291 525 4342; x_wconf 76' lang='lat' dir='ltr'>art.</span> <span class='ocrx_word' id='word_1_382' title='bbox 544 4289 576 4340; x_wconf 87' lang='grc' dir='ltr'>Β.</span> <span class='ocrx_word' id='word_1_383' title='bbox 595 4289 645 4357; x_wconf 86' lang='lat'>111,</span> <span class='ocrx_word' id='word_1_384' title='bbox 668 4293 691 4353; x_wconf 89' lang='lat'>1,</span> <span class='ocrx_word' id='word_1_385' title='bbox 711 4292 798 4353; x_wconf 66' lang='lat' dir='ltr'>enea.</span> 
     </span>
    </p>

    <p class='ocr_par' dir='ltr' id='par_1_9' title="bbox 361 4373 991 4444">
     <span class='ocr_line' id='line_1_43' title="bbox 361 4373 991 4444; baseline 0.006 -16"><span class='ocrx_word' id='word_1_386' title='bbox 361 4375 387 4443; x_wconf 86' lang='lat'>3)</span> <span class='ocrx_word' id='word_1_387' title='bbox 406 4373 446 4429; x_wconf 79' lang='lat' dir='ltr'>Cf.</span> <span class='ocrx_word' id='word_1_388' title='bbox 464 4375 553 4428; x_wconf 89' lang='lat' dir='ltr'>Blass.</span> <span class='ocrx_word' id='word_1_389' title='bbox 572 4376 590 4427; x_wconf 93' lang='lat' dir='ltr'>l.</span> <span class='ocrx_word' id='word_1_390' title='bbox 608 4376 627 4428; x_wconf 93' lang='lat' dir='ltr'>l.</span> <span class='ocrx_word' id='word_1_391' title='bbox 646 4393 672 4444; x_wconf 93' lang='lat' dir='ltr'>p.</span> <span class='ocrx_word' id='word_1_392' title='bbox 692 4379 752 4443; x_wconf 74' lang='lat' dir='ltr'>eei,</span> <span class='ocrx_word' id='word_1_393' title='bbox 773 4381 864 4431; x_wconf 87' lang='lat' dir='ltr'>annot.</span> <span class='ocrx_word' id='word_1_394' title='bbox 883 4381 902 4431; x_wconf 89' lang='lat'>4</span> <span class='ocrx_word' id='word_1_395' title='bbox 920 4381 947 4432; x_wconf 89' lang='lat' dir='ltr'>et</span> <span class='ocrx_word' id='word_1_396' title='bbox 966 4382 991 4432; x_wconf 83' lang='lat'>2.</span> 
     </span>
    </p>
   </div>
   <div class='ocr_carea' id='block_1_6' title="bbox 0 0 1592 4925">
    <p class='ocr_par' dir='ltr' id='par_1_10' title="bbox 0 0 1592 4925">
     <span class='ocr_line' id='line_1_44' title="bbox 0 0 1592 4925; baseline 0 1"><span class='ocrx_word' id='word_1_397' title='bbox 0 0 1592 4925; x_wconf 95' lang='lat' dir='ltr'> </span> 
     </span>
    </p>
   </div>
  </div>
 </body>
</html>
