3175 4925
657 330 698 407 29

67 540 145 606 ratio
175 539 368 622 postulabat.
415 537 531 603 Contra
562 539 670 603 auctor
701 538 728 604 si
759 557 809 603 res
842 540 949 622 gestas
980 538 1158 619 temporam
1180 533 1297 620 partim

69 631 120 695 diu
153 630 351 712 peractorum
387 629 627 707 commemorat,
662 628 887 693 Demosthenis
919 626 1019 709 ipsius
1050 627 1128 692 locis
1161 628 1224 692 lero
1257 627 1297 691 ad

71 721 197 785 verbum
222 719 331 785 utitur.

173 808 414 873 Consideremus
438 825 529 888 porro
556 824 609 884 ea,
642 807 777 888 quaein
802 807 939 872 secunda
962 806 1099 890 epistula
1122 807 1297 873 narrantur.

68 899 218 965 Adhibita
242 898 476 985 παραλείψεως
499 914 577 979 quae
602 895 717 961 dicitur
739 897 840 980 figura
863 896 1049 980 legationes,
1069 915 1146 978 quas
1162 896 1298 960 Demos·

68 989 175 1053 thanes
200 986 383 1069 susceperit,
407 988 590 1068 tanguntur.
635 986 705 1050 Iam
729 1006 800 1051 vero
821 986 905 1051 idem
921 986 995 1065 fere,
1014 986 1096 1068 quod
1112 985 1145 1051 in
1161 984 1298 1067 epistula

68 1078 209 1157 traditur,
233 1078 266 1142 in
291 1097 334 1146 or.
361 1076 398 1140 de
423 1094 485 1143 eor.
509 1076 581 1144 hab.
606 1074 761 1158 legimus;
787 1076 892 1141 confer
916 1077 1017 1141 enim:

243 1185 291 1249 ep.
315 1167 357 1245 II,
383 1166 424 1231 10
885 1184 928 1234 or.
955 1166 1074 1244 18,244

69 1258 120 1322 καὶ
142 1255 184 1322 dol
210 1261 394 1343 πρεσβείας,
421 1255 500 1331 ὅσας
517 1253 603 1341 ὑπὲρ
655 1254 803 1338 οὐδαμοῦ
838 1250 988 1336 πώποθ’,
1025 1255 1105 1320 ὅποι
1135 1258 1298 1339 πρέσβεσ-

69 1345 159 1430 ὑμῶν
183 1344 399 1433 ἐπρέσβευσα,
426 1342 462 1409 έν
481 1342 532 1421 αῖς
547 1343 604 1409 σύ·
655 1348 712 1433 της
728 1343 912 1431 ἐπέμφθην
927 1340 984 1431 ὑφ’
1003 1343 1098 1427 ὑμῶν
1114 1341 1185 1429 ἐγὼ,
1199 1344 1297 1429 ἡττη-

70 1437 122 1502 ceo
140 1435 356 1523 ἠλαττώθητε
375 1436 513 1498 πώποτε
530 1432 606 1500 οὐδὲ
654 1438 728 1512 θεὶς
751 1434 910 1521 ἀπῆλθαν
929 1443 997 1499 τῶν
1013 1436 1105 1520 παρὰ
1122 1434 1299 1498 Φιλίππου

69 1522 140 1590 καθ’
166 1524 214 1591 ἓν.
655 1529 837 1611 πρέσβεων.

71 1615 144 1680 Dum
176 1633 251 1679 vero
284 1613 321 1678 de
344 1613 414 1696 ipsa
438 1613 497 1679 hac
519 1633 552 1678 re
576 1614 640 1679 lere
664 1614 744 1678 nihil
768 1613 918 1688 addatur,
948 1615 1055 1678 tamen
1079 1613 1181 1677 multa
1204 1612 1299 1676 verba

69 1705 222 1788 legimus,
246 1703 359 1785 quibus
383 1703 478 1781 ratio,
503 1722 564 1785 qua
587 1704 819 1768 Demosthenes
843 1702 876 1767 in
899 1703 1082 1768 universum
1104 1722 1172 1767 rem
1194 1700 1299 1783 publi-

71 1814 133 1858 cam
157 1793 436 1874 administraverit,
461 1792 657 1868 defenditur;
681 1793 727 1857 ita
751 1794 835 1857 enirn
859 1811 983 1875 semper
1007 1813 1025 1858 a
1048 1812 1082 1857 se
1106 1794 1211 1857 actum
1229 1809 1298 1855 esse

72 1883 220 1962 affirmat,
252 1884 287 1947 ut
318 1882 438 1947 civibus
471 1882 572 1966 gloria
602 1885 773 1964 pareretur.
819 1882 966 1948 Adicitur
995 1885 1155 1965 postremo
1180 1899 1298 1958 omnes,

70 1973 252 2054 praesertim
284 1975 390 2037 autern
421 1971 550 2037 iuvenes
575 2009 616 2018 —
640 1972 756 2037 iterum
786 1972 885 2055 igitur
908 1972 1036 2037 iuuenes
1060 1971 1233 2037 incitantur
1257 2005 1298 2015 -

71 2063 124 2127 hoe
155 2061 306 2129 admirari
339 2061 458 2130 decere.
507 2060 662 2127 Similiter
686 2081 721 2126 ao
743 2061 920 2144 legationes
943 2080 1073 2127 munera
1096 2078 1218 2144 quoquo
1241 2079 1300 2142 pu·

71 2152 157 2232 blica,
182 2170 263 2235 quae
279 2151 509 2217 Demosthenes
535 2151 717 2233 susceperit,
734 2151 1039 2233 praetermittuntur.
1087 2148 1177 2230 Quod
1193 2151 1298 2214 autem

71 2241 297 2307 Demosthenes
321 2240 473 2306 hocloco
497 2240 535 2305 de
560 2260 593 2305 se
616 2242 684 2323 ipse
708 2240 885 2322 praedicat:
911 2239 948 2307 έν
964 2238 1013 2318 οἷς
1028 2240 1091 2326 tyb
1108 2244 1300 2327 φανήσομαι

72 2329 108 2395 οὐ
129 2336 235 2414 μόνον
259 2328 358 2407 αὐτὸς
381 2328 599 2418 ἐξητασμένος
623 2340 762 2418 πρῶτος,
788 2329 871 2395 ἀλλὰ
893 2332 948 2395 καὶ
963 2331 1041 2407 τοὺς
1055 2329 1174 2406 ἄλλους
1190 2352 1300 2415 παρα-

71 2422 227 2510 κεκληκώς
250 2418 311 2504 (ep.
335 2420 376 2499 II,
403 2418 467 2506 12),
491 2419 524 2485 id
547 2420 640 2503 plane
665 2439 771 2486 rerum
798 2438 867 2485 esse
890 2419 1028 2486 libenter
1052 2419 1269 2487 concedemus.

170 2510 234 2576 Sed
257 2510 334 2574 haee
358 2510 511 2575 hactenus
536 2511 574 2574 de
597 2511 691 2575 rebus
716 2511 816 2594 gestis
839 2511 872 2575 in
890 2510 1027 2576 secunda
1042 2509 1199 2592 tertiaque
1216 2508 1301 2591 epis·

71 2600 133 2665 tola
165 2599 289 2667 relatls.
344 2599 564 2683 Intellegimus
599 2600 698 2683 igitur
732 2600 870 2665 auctoris
906 2600 1072 2666 seientiam
1105 2619 1209 2664 rerum
1242 2598 1301 2662 illo

71 2690 204 2772 tempore
230 2690 390 2773 gestamm
414 2689 447 2752 in
470 2689 651 2754 universum
676 2709 739 2754 non
763 2690 992 2772 aspernandam
1012 2708 1092 2758 esso.
1138 2688 1301 2753 Nonnulla
1326 2724 1330 2735 ·

73 2779 191 2860 quidem
223 2798 284 2843 non
317 2779 355 2843 ab
387 2781 512 2844 auctore
541 2779 610 2860 ipso
641 2780 781 2860 profecta
812 2782 902 2859 sunt,
934 2780 990 2844 sed
1015 2799 1051 2845 ex
1075 2778 1147 2844 aliis
1172 2776 1300 2858 scriptis

73 2867 260 2952 deprompta.
306 2869 435 2933 Praeter
458 2868 536 2933 haec
558 2868 643 2933 furta
665 2869 776 2934 insunt
799 2869 896 2934 etiarn
919 2869 1082 2946 nonnulla,
1104 2887 1183 2951 qnae
1202 2867 1301 2931 fortn-

72 2957 111 3022 ito
141 2960 266 3023 mut-ata
298 2971 367 3022 esse
400 2957 561 3036 videntur,
593 2959 629 3021 ut
653 2977 705 3037 ea,
738 2977 817 3040 quae
842 2959 879 3023 de
903 2958 1092 3042 Thrasybuli
1117 2959 1148 3022 et
1170 2955 1301 3021 Archini

72 3045 141 3112 filiis
173 3047 330 3115 dicuntur.
386 3045 487 3126 Quare
520 3046 658 3113 dubitari
689 3047 823 3130 poterit,
856 3067 932 3111 num
965 3046 1198 3112 Demosthenes
1232 3045 1301 3126 ipse

74 3136 221 3218 epistulas
246 3137 418 3218 scripserit.
466 3135 499 3201 Si
523 3139 630 3202 tamen
654 3137 730 3202 haee
753 3136 923 3216 mittimus,
946 3137 1056 3201 licebit
1076 3135 1200 3217 utrique
1217 3135 1301 3217 epis·

73 3225 153 3290 tutae
178 3227 319 3308 aliquam
342 3225 437 3290 fidem
460 3226 608 3294 tribuere.
656 3224 757 3306 Quare
775 3224 952 3305 Olintonus,
976 3225 1026 3291 cui
1051 3244 1145 3308 supra
1165 3223 1301 3289 diximus

75 3315 222 3395 epistulas
247 3334 309 3381 non
333 3315 485 3398 genuinas
510 3334 579 3380 esse
604 3315 698 3394 visas,
723 3334 785 3380 non
810 3314 936 3381 dubitat
959 3334 1012 3380 eas
1036 3334 1091 3397 pro
1107 3314 1301 3381 testimoniis

75 3402 104 3467 in
126 3406 244 3484 tabulis
269 3405 335 3470 suis
352 3404 518 3480 adhibere;
543 3405 622 3470 dicit
638 3407 723 3469 enim
739 3405 772 3469 in
789 3405 992 3470 annotatione
1008 3404 1048 3470 ad
1063 3405 1137 3474 fast.
1153 3403 1301 3470 hellenie.

76 3493 131 3561 vol.
154 3495 196 3575 II,
220 3515 251 3577 p.
274 3495 339 3559 442
365 3493 487 3559 addita:
516 3495 601 3573 „The
626 3495 731 3560 writer
755 3494 789 3558 of
809 3495 899 3559 these
923 3495 1054 3577 epistles
1075 3494 1180 3560 would
1197 3493 1302 3558 there-

74 3579 132 3647 fore
162 3585 241 3650 have
275 3602 380 3648 access
411 3585 444 3648 to
469 3583 656 3648 authorities
681 3603 749 3649 now
772 3584 853 3664 lost,
885 3584 933 3649 for
971 3585 1010 3649 he
1034 3585 1113 3650 facts
1137 3583 1239 3648 which
1262 3575 1302 3646 he

77 3670 200 3755 alleges.
247 3673 334 3756 They
365 3691 417 3737 are
442 3673 644 3756 accordingly
668 3673 784 3755 quoted
809 3693 843 3738 as
867 3673 1040 3757 testimony
1062 3675 1096 3739 in
1119 3674 1174 3737 the
1197 3671 1301 3737 tables

76 3759 196 3839 323‚3.“
243 3761 292 3826 Ne
314 3763 352 3829 A.
378 3761 524 3827 Sohaefer
534 3762 557 3846 1)
583 3762 710 3844 quidem
734 3764 901 3828 cunctatur
924 3763 1132 3846 epistularum
1155 3762 1303 3827 testimo·

75 3847 122 3914 nio
145 3852 270 3935 saepius
294 3851 360 3927 uti;
385 3851 470 3916 idern
493 3852 613 3917 iudicat
637 3853 809 3917 secundam
831 3853 1022 3935 tertiamque
1046 3852 1216 3934 epistulam
1240 3870 1301 3916 non

76 3936 137 4004 sine
167 3940 300 4006 seientia
330 3944 362 4006 et
384 3940 536 4006 lacultate
561 3941 696 4023 quadarn
720 3941 911 4024 compositas
936 3961 1014 4008 esse.
1061 3943 1107 4006 Ex
1130 3941 1170 4005 iis
1195 3942 1302 4005 autom

77 4045 147 4106 quae
178 4033 316 4095 extremo
347 4031 416 4096 loco
447 4030 583 4096 diximus
607 4033 755 4114 cognosci
778 4033 901 4114 potest,
933 4031 972 4096 ad
996 4031 1122 4114 qualern
1145 4031 1302 4095 rationem

78 4118 119 4181 rei
140 4119 322 4186 tractandae
342 4120 465 4186 animus
483 4119 620 4186 auctoris
637 4120 779 4190 inclinet.
825 4120 1116 4187 Animadvertimus
1134 4120 1219 4184 enirn
1235 4138 1303 4184 rem

82 4293 285 4308 Ἢ

178 4406 204 4473 l)
223 4405 256 4460 In
276 4404 336 4458 libr.
356 4405 389 4460 D.
408 4423 434 4460 u.
455 4423 474 4460 s.
495 4405 522 4460 Z.
542 4406 593 4471 ΙΙΙ,
615 4408 637 4474 l,
656 4422 682 4476 p.
702 4408 762 4474 319,
786 4407 808 4460 l.
