3175 4925
595 301 755 405 *66-

77 501 209 585 66611611
231 520 268 567 ex
291 519 365 567 roco
390 520 469 583 quae
493 504 542 567 est
558 500 744 579 Εὐθύδικος
762 500 880 567 11116116
895 504 946 566 θυ
962 519 1036 566 6661
1052 499 1180 567 amissis
1197 499 1290 566 facile

75 592 199 669 Εὔδικος
219 591 289 657 fieri
311 593 444 674 poterat,
468 593 602 657 fortasse
627 592 782 675 epistulae
806 591 893 655 locus
910 591 1080 656 mutandus
1098 591 1156 659 661.
1203 592 1290 655 11161

77 700 121 746 666
144 685 253 761 autem,
278 700 355 765 quos
381 700 399 745 6
421 682 536 765 populo
560 682 702 765 proditos
727 700 796 746 esse
812 681 1043 746 Demosthenes
1068 681 1154 757 dicit,
1179 681 1290 746 Chari-

75 770 205 852 demum,
239 772 432 851 Philoclem,
468 772 600 854 denique
635 792 668 837 se
702 773 809 854 ipsum
843 773 1005 835 enumerat
1040 776 1099 853 (ep.
1117 771 1189 850 ἸΠ,
1224 772 1289 847 32).

75 859 264 927 Charidemus
290 861 387 927 etiarn
411 862 493 945 apud
516 862 710 927 Dinarchum
740 860 930 929 nominatur.
977 858 1132 926 Narratur
1155 880 1228 925 eum
1251 861 1291 926 ad

73 968 168 1033 regem
195 952 363 1017 Persarum
393 952 490 1016 ivisse
522 952 734 1031 (011132)
766 968 867 1033 neque
899 968 971 1015 vero
1003 952 1157 1033 expressis
1187 951 1290 1015 verbis

74 1039 202 1120 additur,
233 1041 318 1123 quali
349 1040 442 1106 modo
472 1043 616 1107 mortuus
649 1042 700 1106 sit.
745 1042 863 1105 Tamen
895 1059 967 1104 cum
996 1041 1104 1123 paullo
1128 1041 1218 1106 infra
1252 1040 1291 1104 dc

74 1128 205 1210 Ephialte
228 1130 368 1197 dicatur:
401 1130 553 1219 ἀφεδλετυ
585 1132 639 1196 καὶ
671 1140 791 1196 τοῦτον
823 1130 842 1217 ἡ
870 1133 950 1217 τύχη
974 1141 1032 1217 τῆς
1055 1131 1183 1207 πόλεως
1205 1130 1290 1209 (uin.

72 1218 92 1297 l,
114 1220 174 1299 33),
196 1219 270 1285 iude
286 1220 435 1303 colligere
451 1221 527 1285 licet
542 1221 700 1286 Dinarcho
725 1220 762 1285 de
779 1218 958 1285 Charidemi
980 1223 1080 1285 morte
1096 1222 1291 1303 compertum

72 1307 169 1377 fuisse.
214 1310 331 1374 Darius
356 1311 440 1375 enim
463 1330 515 1375 rer
540 1329 612 1375 eum
636 1311 752 1393 olymp.
776 1311 872 1386 111,4
895 1309 1030 1374 interfici
1054 1310 1158 1389 iussit,
1182 1310 1291 1374 decem

71 1397 159 1479 igitur
182 1400 272 1465 anuis
297 1402 369 1465 ante
394 1419 488 1481 quam
511 1402 620 1466 nostra
645 1400 781 1483 epistula
805 1399 922 1481 scripta
942 1401 1000 1467 661.
1047 1400 1166 1464 Tamen
1183 1401 1290 1464 nostro

71 1486 131 1552 loco
154 1487 357 1555 Charidemus
389 1490 471 1554 inter
503 1508 556 1554 eos
588 1490 641 1571 qui
674 1488 830 1572 apopulo
862 1488 980 1563 deserti
1010 1489 1091 1566 sint,
1123 1509 1184 1553 non
1208 1488 1292 1553 iuter

71 1594 116 1640 eos
139 1597 214 1660 quos
239 1598 324 1645 mors
349 1578 522 1661 abripuerit
545 1579 734 1648 nominatur.
782 1577 884 1658 Quare
903 1579 941 1647 A.
959 1577 1113 1657 Schaefer,
1138 1580 1174 1643 ut
1196 1578 1292 1643 fidem

71 1668 196 1733 auctoris
222 1668 377 1751 epistulae
401 1668 566 1749 diminuat,
589 1670 623 1733 in
647 1668 750 1736 annal.
783 1668 861 1750 phil.
888 1669 950 1733 115
973 1688 1003 1750 p.
1030 1668 1291 1733 1641666661-

70 1754 175 1821 cludit:
209 1758 306 1839 „Also
331 1758 552 1839 Charidemos,
582 1758 642 1833 den
677 1761 719 1824 10
749 1758 846 1824 Jahre
878 1757 989 1823 rorber
1020 1758 1127 1841 Konig
1158 1758 1290 1822 Dareios

70 1846 202 1925 getodtet
226 1848 315 1914 hatte
340 1849 389 1926 (D.
412 1866 442 1917 u.
468 1867 493 1917 s.
510 1849 542 1917 Z.
567 1848 625 1926 Ill,
652 1850 679 1926 1,
705 1847 870 1913 Seuerus
894 1848 948 1925 li),
972 1847 1039 1911 lebt
1063 1848 1135 1912 dem
1159 1846 1292 1913 Schrift-

70 1934 170 2001 stellcr
192 1938 302 2007 noch“.
349 1937 465 2003 Contra
496 1957 532 2003 ea
562 1938 707 2002 Blassius
737 1936 853 2001 iisdem
884 1936 1050 2001 annalibus
1073 1958 1103 2019 p.
1128 1937 1193 2003 542
1218 1956 1291 2001 ocn-

68 2023 163 2089 tendit
175 2026 399 2093 Charidemum
411 2028 444 2092 in
461 2046 627 2093 numerum
645 2046 753 2093 eorum
767 2026 877 2091 referri
891 2027 1043 2108 potuisse,
1060 2046 1138 2109 quos
1155 2026 1291 2109 populus

69 2111 269 2195 deseruisset,
301 2117 427 2182 etiamsi
457 2117 514 2182 illo
546 2119 687 2199 ternpore
719 2136 780 2181 non
813 2116 877 2181 iarn
907 2115 996 2180 rivus
1033 2118 1126 2185 esset.
1173 2118 1292 2181 Tamen

68 2205 295 2271 concedendum
326 2206 387 2271 erit
416 2226 483 2271 rem
513 2207 559 2271 ita
583 2208 743 2271 narratam
767 2225 853 2283 esse,
884 2206 920 2270 ut
948 2224 987 2269 ne
1011 2206 1038 2270 is
1063 2205 1205 2288 quidem,
1238 2205 1292 2288 q'ui

68 2294 244 2360 cautissime
267 2296 349 2361 hunc
373 2296 477 2362 locum
496 2296 619 2381 legerit,
645 2315 707 2361 non
720 2296 824 2378 possit
840 2315 901 2360 non
918 2314 1030 2363 errare.
1077 2295 1179 2360 Nemo
1198 2295 1292 2373 enirn,

66 2383 97 2446 ut
119 2402 167 2449 res
191 2385 350 2469 descripta
374 2389 431 2466 661,
456 2386 668 2469 suspicabitur
685 2385 909 2451 Charidemum
931 2386 1001 2449 tum
1024 2404 1086 2451 non
1105 2386 1170 2449 iam
1187 2386 1293 2449 vivum

66 2469 167 2544 luisse.
214 2476 375 2541 Philocles
399 2477 426 2542 is
451 2478 509 2555 est,
532 2478 641 2541 contra
657 2495 750 2559 quem
766 2475 917 2540 Dinarchi
940 2476 1035 2540 tertia
1059 2477 1158 2541 616116
1176 2475 1293 2557 scripta

68 2565 119 2631 est.
165 2565 319 2631 Videmus
344 2565 441 2648 igitur
461 2566 620 2645 nonnulla,
638 2585 716 2649 quae
741 2565 778 2630 de
802 2565 852 2630 his
877 2565 952 2631 uiris
976 2568 1102 2631 6611616
1126 2565 1293 2645 6611111-

66 2653 170 2731 primis
194 2675 268 2721 cum
291 2655 442 2720 Dinarchi
466 2656 605 2720 oratione
630 2674 810 2739 congruere,
834 2657 897 2720 alia
921 2657 1028 2720 autern
1043 2655 1127 2720 haud
1150 2655 1196 2720 116
1220 2656 1292 2736 6616

66 2744 202 2824 exposita
227 2764 314 2822 csse,
346 2763 445 2826 pauca
477 2744 609 2826 denique
640 2745 697 2810 illa
729 2745 867 2828 epistula
890 2744 1044 2810 contineri
1067 2764 1194 2827 prorsus
1219 2763 1293 2808 con-

66 2831 155 2898 traria
177 2835 230 2914 iis,
256 2853 334 2916 quae
360 2854 395 2899 err
419 2835 612 2900 orationibus
635 2853 708 2899 rere
732 2835 988 2900 Demosthenicis
1013 2836 1140 2902 scimus.

164 2924 344 2990 Redeamus
381 2924 420 2989 ad
456 2923 626 2989 secundam
662 2925 843 3006 epistulam.
889 2925 927 2988 In
963 2944 1024 3006 qua
1061 2924 1292 2988 Demosthenes

64 3013 194 3078 maxime
220 3014 440 3079 admirandum
473 3033 542 3079 esse
575 3013 668 3092 dicit,
700 3014 783 3096 quod
816 3032 896 3078 unus
920 3033 938 3077 a
961 3013 1206 3096 Philipporege
1230 3031 1293 3077 non

64 3106 224 3186 corruptus
261 3105 313 3171 sit.
360 3104 486 3186 Optime
522 3105 628 3169 autem
661 3103 801 3184 Philippi
839 3103 890 3166 via
925 3104 957 3166 ct
987 3103 1068 3167 16116
1100 3102 1214 3186 agendi
1242 3103 1293 3168 his

63 3191 162 3256 verbis
201 3193 407 3258 describitur:
443 3192 479 3259 έν
513 3195 638 3259 ἅπαντι
672 3199 718 3278 τῷ
757 3192 854 3258 αἰῶνι
888 3201 956 3257 τῶν
992 3197 1294 3279 μνημονευομένων

64 3277 257 3370 ἀνθρώπιον
274 3283 465 3349 δεινοτάτου
480 3288 697 3370 γεγενημένου
718 3283 894 3347 Φιλίππου
913 3283 967 3346 καὶ
987 3277 1026 3347 δι’
1038 3281 1165 3365 ὁμιλίας
1180 3293 1294 3346 πεῖσαι

63 3377 239 3456 προσέχειν
261 3372 352 3459 αὑτῷ
374 3374 434 3438 τὸν
457 3381 555 3453 νοῦν,
589 3371 633 3448 ὡς
654 3373 822 3455 βούλοιτο,
855 3372 909 3436 καὶ
932 3372 1127 3460 διαφθεῖραι
1153 3376 1295 3459 χρήμασι

63 3460 137 3536 τοὺς
169 3461 207 3528 έν
239 3461 357 3550 ἑκάστῃ
389 3471 457 3528 τῶν
485 3457 682 3548 Ἑλληνίδων
713 3462 846 3527 πέλειαν
873 3467 1073 3549 γνωρίμους,
1103 3460 1166 3547 ἐγὼ
1193 3465 1295 3544 μόνος

62 3547 235 3638 οὐδετέρου
268 3555 397 3618 τούτων
432 3553 582 3639 ἡττήθην
616 3556 676 3634 (ep.
712 3551 752 3629 ΙΙ,
786 3553 827 3629 l).
874 3552 961 3616 Haec
995 3551 1135 3633 Philippi
1170 3569 1294 3615 morum

63 3635 233 3722 descriptio
257 3642 336 3706 bene
361 3661 431 3707 curn
455 3642 495 3706 iis
520 3640 680 3718 convenit,
713 3660 791 3722 quae
820 3641 948 3705 cumin
972 3641 1045 3705 aliis
1068 3639 1293 3705 Demosthenis

62 3728 258 3795 orationibus
290 3732 359 3796 turn
389 3731 422 3795 in
446 3750 489 3800 or.
516 3729 553 3794 dc
577 3749 639 3798 our.
664 3729 736 3798 hab.
761 3729 800 3794 de
823 3731 880 3795 illo
904 3749 978 3813 rege
1009 3729 1164 3797 dicuntur.
1212 3728 1294 3793 Con-

60 3814 203 3882 ferantur
233 3839 276 3885 or.
303 3822 331 3899 1,
355 3822 385 3900 4,
410 3839 453 3889 or.
479 3822 508 3900 2,
534 3822 562 3897 l,
588 3820 630 3883 22
655 3837 730 3900 seq,
762 3837 806 3888 61.
831 3822 860 3899 9,
886 3822 916 3897 9,
941 3839 984 3888 or.
1011 3820 1062 3897 18,
1089 3820 1139 3898 19,
1163 3819 1216 3897 32,
1240 3819 1293 3897 46,

61 3905 111 3986 61,
140 3908 313 3988 1711235,
339 3911 412 3989 284,
446 3911 509 3975 296
535 3928 610 3990 666,
642 3927 685 3975 61.
721 3910 770 3986 19,
797 3910 839 3975 53
871 3928 946 3990 seq,
978 3910 1021 3973 64
1046 3927 1119 3989 seq,
1152 3910 1294 3988 16666,

61 3996 112 4073 94,
147 3998 214 4062 139
245 4018 317 4081 seq,
342 4000 416 4079 222,
447 4000 521 4076 292,
546 3999 621 4066 315.
670 3996 876 4078 Comparetur
907 3999 1003 4062 etiarn
1033 3997 1168 4075 locutio,
1199 4016 1295 4078 quarn

61 4084 152 4151 modo
178 4086 387 4168 laudavimus,
412 4107 460 4170 ep.
485 4089 526 4168 ΙΙ,
551 4089 588 4153 8;
614 4085 675 4172 έγὼ
692 4091 794 4170 μόνος
810 4087 983 4174 οὐδετέρου
998 4091 1128 4152 τούτων
1144 4086 1294 4174 ἡττήθην

62 4191 131 4238 curn
165 4195 221 4255 ea,
252 4197 330 4259 quae
362 4180 464 4243 616161
495 4197 538 4247 or.
573 4177 622 4256 18,
658 4177 741 4242 3001
778 4177 855 4243 οὐδέ
884 4174 913 4262 y’
945 4176 1095 4289 huruuua
1130 4174 1192 4261 ἐγὼ
1226 4187 1295 4253 τοῖς

60 4262 231 4348 λογισμοῖς
255 4267 430 4332 Φιλίππου
454 4269 485 4333 61
509 4268 527 4350 ξ
551 4268 633 4332 2441
659 4264 806 4349 οὐδαμοῦ
827 4270 978 4348 πώποθ,
997 4267 1076 4332 ὅποι
1092 4268 1295 4352 πρεσβευτὴς

61 4349 248 4442 ἐπέμφθην
272 4351 329 4442 ὑφ’
356 4355 448 4439 ὑμῶν
472 4356 543 4443 ἐγὼ,
569 4356 724 4444 ἡττηθεὶς
751 4355 909 4443 ἀπῆλθαν
925 4365 993 4421 τῶν
1010 4357 1102 4443 παρὰ
1120 4355 1295 4420 Φιλίππου
