3175 4925
689 250 730 323 15

88 472 128 523 ex
153 457 263 523 eedem
287 454 426 540 epistula
449 455 580 538 collegit
604 474 621 519 a
644 453 859 519 Demosthene
875 453 1042 518 Platonem
1067 454 1167 519 audiri
1192 453 1323 519 solitum

80 548 190 616 esse.l

191 548 260 701 ›Sed
283 637 320 700 ut
342 634 508 699 redeamus
533 632 572 697 ad
596 633 744 715 quattuor
767 632 886 716 primas
911 632 1078 715 epistulas,
1111 652 1189 714 quas
1214 652 1323 698 omnes

87 730 125 793 in
150 726 262 791 exsilio
287 722 538 789 aDomosthene
562 723 696 805 scriptas
722 724 753 786 et
777 722 817 786 ad
834 723 980 787 senatum
995 723 1207 805 populumque
1223 722 1323 787 Athe-

89 818 235 882 nicnsem
260 814 376 879 missas
401 812 644 891 aerodianos,
669 810 807 877 secunda
830 811 957 894 quidem
982 811 1120 894 epistula
1135 814 1213 891 tota,
1229 812 1325 876 tertia

90 908 232 972 extrema
263 904 354 987 parte
387 902 425 966 de
447 901 672 967 Demosthenis
697 900 801 966 reditu
824 901 858 965 in
882 900 1017 984 patriam
1041 902 1117 984 agit.
1163 902 1199 965 In
1223 901 1326 984 prima

90 1015 166 1061 vero
199 994 337 1077 epistula
368 992 444 1056 haee
474 992 640 1075 leguntur:
677 992 755 1077 περὶ
784 992 847 1073 μὲν
870 1000 928 1078 τῆς
950 989 1028 1077 ἐμῆς
1051 990 1159 1056 οἴκαδε
1182 990 1326 1079 ἀφίξεως

90 1086 144 1151 ἀεὶ
174 1088 298 1168 νομίζω
330 1090 434 1146 πᾶσιν
457 1080 536 1163 ὑμῖν
559 1079 697 1146 ἐὀεοθαι
720 1080 977 1163 βουλεύσασθαι,
1003 1080 1117 1167 διόπερ
1141 1089 1205 1146 νῦν
1227 1080 1326 1145 οὐδὲν

92 1176 173 1261 περὶ
196 1171 298 1258 αδιης
322 1176 468 1257 γέγραφα
492 1170 522 1253 (ξ
548 1171 589 1248 2),
614 1172 725 1253 quibus
750 1189 822 1235 oum
847 1169 950 1234 verbis
973 1169 1051 1234 haec
1075 1169 1214 1234 decimae
1235 1189 1324 1253 para·

94 1261 209 1347 graphi
241 1260 423 1325 eonferenda
454 1262 546 1324 surr:
583 1260 763 1371 napocaulis
796 1256 873 1336 δἐίς
902 1258 1071 1323 cadaueri
1093 1284 1203 1341 τιιχων
1227 1258 1327 1335 aoros

93 1376 153 1439 της
176 1354 327 1437 τοιαύτης
349 1350 610 1464 φιλανθρωπίας
634 1372 702 1436 παρ
738 1348 853 1431 ἐνίων,
887 1348 970 1413 ἀλλὰ
993 1348 1112 1451 ρἰδίκως
1133 1351 1187 1414 καὶ
1211 1372 1325 1414 oroor-

5 1485 8 1490 ·
94 1464 234 1517 ασιικως
264 1439 309 1515 εἰς
340 1442 401 1527 ripe
431 1438 553 1526 ἑτέρων
582 1442 679 1526 χάριν
695 1442 909 1553 προποθεί,ς
943 1436 1007 1502 et
997 1458 1030 1501 ln
1055 1440 1166 1520 quarta
1190 1438 1327 1521 epistula

94 1531 209 1595 haesi
195 1529 312 1593 tradita
335 1530 425 1593 sunt·
450 1531 557 1614 τούτω
581 1530 642 1611 μὲν
669 1522 739 1611 οὖν,
765 1527 824 1593 εὰν
848 1527 1017 1615 αφίκωμαί
1040 1551 1122 1593 ποτε
1141 1553 1195 1592 και
1184 1530 1324 1610 σωθῶ,

95 1623 295 1707 πειράσομαι
318 1618 534 1704 διαλεχθῆναι
558 1615 589 1703 (ξ
614 1615 657 1701 2)

200 1708 244 1773 Ut
267 1726 338 1771 vero
362 1706 421 1771 has
446 1707 631 1789 epistulas'
623 1727 656 1771 un
680 1708 801 1771 eertum
818 1706 959 1770 ordinem
979 1706 1177 1789 redigamus,
1205 1705 1326 1789 primus

93 1797 222 1881 quidem
245 1798 352 1875 locus,
386 1796 414 1861 si
444 1797 570 1878 tempus
594 1796 798 1878 respicimus,
832 1795 987 1861 secundae
1018 1796 1174 1878 epistulae
1205 1796 1327 1861 dandus

93 1888 164 1955 erit.
211 1847 360 1969 Legimus
393 1887 447 1949 aut
449 1904 499 1949 em
530 1885 699 1967 epistulam
732 1904 767 1951 eo
799 1887 941 1967 tempore
971 1886 1123 1968 scriptam
1146 1904 1234 1966 esec,
1266 1905 1327 1969 quo

92 1976 217 2042 iudices
242 1994 304 2039 non
327 1975 400 2055 iam,
425 1976 586 2055 utentes,
611 1995 683 2040 cum
707 1974 745 2039 de
768 1976 838 2057 ipso
855 1975 1069 2041 Demosthene
1094 1974 1327 2054 diiudicaretur‚

94 2065 284 2147 simpliciter
322 2083 359 2129 ea
392 2065 577 2147 probarent,
613 2084 692 2146 quae
727 2065 911 2146 areopagus
947 2064 1091 2147 quamvis
1131 2066 1327 2148 argumentis

94 2155 194 2219 nullis
220 2154 352 2219 adiectis
376 2153 547 2237 proferret3
574 2154 717 2218 additum
734 2156 783 2219 est
799 2154 947 2235 reliquos,
972 2154 1026 2236 qui
1042 2155 1139 2218 simul
1163 2155 1327 2237 cumipse

96 2244 240 2309 eiusdem
265 2243 405 2308 oriminis
430 2244 568 2308 accusati
592 2245 715 2323 essent,
740 2262 848 2307 omnes
872 2243 1024 2309 liberatos
1055 2263 1125 2308 esse
1158 2250 1218 2327 (ep.
1243 2245 1283 2323 Il,
1310 2247 1326 2308 1

95 2338 174 2416 seq.)
223 2333 284 2397 His
309 2333 416 2397 tamen
437 2332 541 2397 verbis
557 2334 693 2415 tempus,
710 2352 770 2415 quo
789 2333 927 2415 epistula
943 2334 1061 2416 scripta
1077 2335 1135 2413 est,
1152 2336 1329 2399 accuratius

94 2442 158 2489 non
182 2422 341 2491 definitur.
391 2420 565 2488 Secundam
590 2425 697 2488 autem
721 2423 893 2504 epistulam
925 2422 1064 2505 proxime
1089 2424 1178 2507 sequi
1202 2424 1330 2489 tertiam

96 2533 134 2578 ex
156 2513 206 2578 his
230 2512 345 2578 tertiae
370 2513 526 2595 epistulae
551 2512 660 2595 primis
691 2513 794 2577 verbis
827 2512 964 2576 dilucide
988 2516 1136 2596 apparet:
1169 2517 1247 2602 περὶ
1269 2515 1331 2596 μὲν

95 2611 165 2668 τῶν
187 2597 256 2667 κατ’
283 2601 444 2686 ἐμαυτὸν,
478 2602 499 2666 a'
532 2625 589 2684 μοι
620 2599 699 2689 παρ’
723 2601 818 2685 ὑμῶν
845 2601 998 2688 ἐνόμιζον
1021 2603 1148 2669 δίκαιον
1171 2600 1256 2670 εἶναι
1278 2627 1331 2689 με·

96 2696 227 2775 νέοθαι,
253 2694 315 2780 τὴν
338 2696 506 2779 προτέραν
537 2689 676 2778 1ε’πεμιμα
708 2693 793 2779 πρὸς
823 2691 917 2774 ὑμᾶς.
965 2693 1032 2756 Iam
1064 2711 1136 2758 vero
1160 2693 1211 2757 his
1236 2712 1331 2775 quae-

97 2781 177 2845 ritur
212 2783 318 2846 utrum
354 2783 465 2864 quarta
502 2799 541 2844 an
576 2781 679 2864 prima
714 2781 856 2862 proxima
892 2780 1057 2845 adicienda
1093 2782 1145 2850 sit.
1192 2783 1331 2847 Primam

101 2869 228 2951 quidem
253 2871 422 2954 epistulam
455 2872 528 2954 post
558 2872 643 2936 mort
644 2889 694 2936 em
718 2870 889 2935 Alexandri
919 2871 1004 2953 regis
1029 2872 1238 2954 compositam
1263 2890 1332 2936 esse

99 2958 216 3023 dicitur
239 2965 314 3036 (νῦν
337 2965 452 3026 τοίνυν
466 2959 693 3112 ᾑτεθνεῶτος
680 2984 731 3025 exe
733 2965 816 3042 ί,νοιι
843 2957 923 3044 ἓδ)
959 2961 994 3023 In
1013 2963 1125 3042 quarta
1141 2961 1221 3025 nihil
1238 2962 1332 3042 inest,

98 3047 183 3112 unde
207 3049 353 3131 cognosci
378 3048 490 3134 possit,
515 3068 576 3130 quo
601 3051 743 3132 tempore
769 3049 887 3131 scripta
911 3050 963 3113 sit.
1011 3049 1069 3114 (let
1055 3055 1158 3115 terum
1181 3051 1214 3115 in
1238 3051 1333 3117 tertia

101 3136 239 3220 epistula
261 3137 338 3203 haee
362 3139 530 3203 traduntur
553 3136 606 3291 (ἕὶ
611 3139 682 3215 3l):
714 3137 817 3224 ἡδέως
846 3133 897 3201 δ
878 3162 920 3203 αν
948 3136 1028 3221 ὑμῖν
1058 3143 1118 3227 τὴν
1143 3135 1195 3206 ἐπ’
1221 3141 1334 3228 εὐνοίᾳ

98 3227 154 3290 καὶ
185 3227 279 3314 φιλίρ
306 3232 437 3314 μέμψιν
469 3232 606 3314 ποιησαι
606 3251 672 3315 μην
705 3235 769 3292 νῦν
799 3251 862 3310 μεν
891 3227 927 3292 ἓν
958 3230 1142 3316 κεφαλαί,ῳ
1175 3239 1280 3320 μικρώ
1303 3230 1331 3296 δ

97 3315 240 3430 ῧρτερον
263 3311 301 3382 δι’
328 3315 505 3403 intercipe
527 3341 661 3404 μακρας,
681 3320 728 3426 ἣν
752 3314 875 3403 ἒανπερ
900 3315 962 3402 εγὼ
986 3324 1030 3404 ζω
1052 3321 1311 3406 προοδοκᾶιεᾏ
1291 3346 1334 3387 αν

97 3407 207 3492 μὴτδι
230 3405 395 3470 δίκαιαί
363 3410 512 3493 γίγνηταί
533 3430 590 3488 μοι
614 3401 755 3492 παρ’)
721 3404 816 3489 ὑμῶν
840 3411 1012 3495 πρότερον.
1061 3407 1129 3488 Qua
1157 3410 1195 3476 de
1219 3429 1334 3492 magna

99 3493 184 3577 epist
170 3493 239 3558 tola
263 3494 354 3559 nobis
378 3495 459 3560 nihil
483 3497 594 3560 notum
618 3497 677 3563 est.

206 3583 396 3666 Priusquam
419 3603 491 3648 vero
526 3584 565 3648 ad
597 3584 740 3668 singulas
765 3584 920 3667 epistulas
945 3586 1187 3652 considerandas
1211 3590 1334 3653 transe-

99 3691 190 3737 amus
215 3673 324 3756 paucis
349 3673 388 3738 de
413 3693 449 3738 ea
472 3692 505 3738 re
531 3673 685 3739 disserere
708 3674 821 3751 liceat,
846 3674 885 3738 ad
909 3694 1002 3758 quem
1027 3676 1184 3757 epistulae
1208 3679 1335 3744 nostrae

99 3762 219 3827 missae
250 3762 324 3830 sint
372 3763 572 3846 Praescripta
605 3766 711 3828 autem
739 3763 782 3828 iis
814 3725 891 3829 iraec
922 3766 1013 3829 sunt:
1050 3769 1273 3866 Δημοσθένης
1295 3776 1336 3856 τῇ

99 3851 203 3938 βουλῇ
226 3853 281 3915 καὶ
304 3858 351 3936 τῷ
374 3852 465 3939 δήμω
487 3878 530 3934 χα
532 3857 623 3940 ίρ.ειν
672 3851 825 3932 Quibus
816 3873 849 3916 rn
873 3855 977 3919 uerbis
1002 3853 1198 3919 desideratur
1218 3875 1333 3921 nomen

101 3941 198 4006 civita
199 3940 259 4018 tie,
291 3940 331 4004 ad
363 3960 458 4024 quam
490 3942 573 4024 epist
559 3942 646 4006 tulee
678 3942 770 4006 datae
802 3942 877 4011 sint.
924 3945 1081 4027 Exspecta
1063 3944 1134 4007 atur
1165 3947 1249 4011 enim
1278 3966 1335 4011 vox

101 4027 247 4117 Αθηναί
248 4052 296 4096 ων
319 4032 392 4114 post
414 4055 461 4117 ιφ
484 4031 575 4119 δήμῳ
599 4031 714 4114 posita.
761 4032 831 4096 Hoc
863 4034 971 4098 tamen
994 4032 1123 4114 uitium,
1156 4035 1183 4099 si
1208 4036 1336 4117 quidem

213 4315 238 4384 1)
259 4312 298 4368 or.
319 4312 351 4367 Α.
371 4314 489 4368 eruerer.
509 4314 537 4367 ιη
556 4314 574 4366 r.
594 4313 626 4366 u.
647 4327 672 4364 u.
694 4330 714 4366 s.
735 4315 761 4368 n.
781 4315 803 4383 1,
823 4275 883 4383 aar,
903 4315 981 4370 anm.
1000 4319 1025 4369 a
