3175 4925
818 286 839 351 6

745 378 905 385 ...m-—

211 482 249 547 de
271 482 331 547 hec
354 482 481 549 homine
506 483 617 562 dicere,
642 502 714 547 nam
739 502 822 547 nunc
846 483 972 567 quidem
990 482 1166 566 sophistam
1183 482 1442 549 declamitantem

210 575 385 639 tenemua“
431 574 612 655 Eodemque
635 573 728 637 modo
744 573 877 652 Bckher,
894 574 1003 638 Baiter
1027 575 1059 637 et
1074 572 1241 655 Sauppius,
1258 573 1441 638 Dindorfius

211 661 267 727 alii
302 660 437 727 editores
474 663 628 745 epistulas
658 662 867 727 Demostheni
903 662 1050 745 eripiunt.
1109 662 1268 727 Amoldus
1307 663 1441 745 denique

212 750 366 830 Schaefer,
380 770 473 835 quem
489 772 588 835 nuper
601 754 666 817 vita
679 753 852 817 excessisse
868 752 959 817 valde
976 752 1129 831 dolemus,
1145 770 1239 835 quam
1255 753 1441 817 brevissime

212 840 286 923 quid
322 839 360 905 de
392 842 538 924 epistulis
571 842 689 908 sentiat
718 842 751 906 in
779 841 861 907 libro
893 842 943 906 cui
973 842 1159 907 inscribitur
1190 843 1440 920 „Demosthenes

210 930 275 994 und
306 930 393 995 scine
417 932 503 997 zorc‘
529 932 706 1009 declaratl)
752 932 926 1013 Postquam
951 950 1023 996 vero
1046 931 1191 995 Blassius
1217 933 1348 1013 utroque
1371 933 1441 997 loco

212 1039 304 1103 quem
328 1022 641 1087 commemoravimus
665 1023 731 1086 tres
754 1021 874 1103 primas
898 1022 1052 1103 epistulas
1068 1021 1276 1086 Demostheni
1299 1022 1441 1086 tribuen-

212 1111 268 1175 das
294 1128 362 1175 esse
387 1112 554 1193 probatum
577 1112 646 1191 ivit,
670 1113 707 1179 Α.
733 1108 880 1175 Schaefer
904 1130 1025 1190 causas,
1049 1111 1163 1193 quibus
1188 1113 1364 1176 commotus
1381 1112 1441 1175 lle·

211 1199 410 1265 mosthenem
441 1201 569 1266 illarum
601 1200 810 1283 epistularum
838 1203 997 1265 auctorem
1022 1201 1125 1265 dicere
1148 1200 1265 1279 nollet,
1298 1201 1441 1283 exposuit

211 1290 245 1354 in
268 1290 434 1354 annalibus
458 1291 660 1374 philologieis
687 1291 749 1356 115
767 1292 879 1368 (1877)
894 1310 925 1373 p.
944 1290 1128 1359 161-165.
1175 1290 1319 1355 Blassius
1336 1293 1442 1355 autem

211 1380 245 1444 in
268 1378 382 1443 IIsdem
406 1380 573 1445 annalibus
596 1400 627 1463 p.
652 1381 830 1445 541—544
847 1381 1037 1445 sententIam
1054 1399 1142 1445 suam
1159 1380 1275 1444 iterum
1292 1379 1440 1447 defendit.

213 1468 362 1548 Quamvis
387 1487 458 1533 vero
483 1471 613 1552 uterque
631 1469 800 1552 diligenter
815 1470 848 1534 in
864 1489 931 1533 rem
947 1470 1156 1552 inquisiverit,
1172 1471 1321 1533 neutrum
1335 1471 1441 1533 tamen

213 1559 430 1642 quaestionem
454 1560 629 1625 absolvisse
654 1560 798 1627 arbitror.
844 1559 1004 1641 lmprimis
1029 1578 1131 1625 sermo
1149 1559 1357 1641 epistularum
1372 1559 1441 1641 dig·

212 1667 271 1713 nus
304 1667 373 1713 esse
403 1649 483 1713 mihi
514 1650 653 1729 videtur,
689 1650 742 1730 qui
773 1649 949 1715 accuratius
978 1650 1141 1717 tractetur.
1197 1648 1298 1728 Quare
1329 1667 1442 1731 operae

212 1739 350 1821 pretium
374 1757 443 1803 esse
467 1740 543 1821 puto
568 1737 606 1803 de
629 1739 741 1803 harum
765 1739 972 1822 epistularum
996 1740 1057 1803 fide
1078 1741 1110 1803 ct
1125 1738 1313 1803 auctoritate
1327 1738 1443 1803 iterata

213 1847 286 1893 cura
310 1827 473 1893 disserere.

319 1918 365 1982 Aa
399 1918 536 1999 primum
572 1918 698 2001 quidem
729 1918 854 1983 videtur
884 1938 962 2001 opus
1002 1938 1071 1983 esse
1110 1918 1218 1983 allatis
1249 1916 1441 1983 testimoniis

213 2009 355 2073 veterum
379 2009 581 2090 scriptorum,
614 2008 697 2091 apud
721 2027 799 2090 quos
823 2008 1085 2074 Demosthenicas
1119 2008 1273 2090 epistulas
1306 2024 1442 2071 comme-

214 2098 352 2162 moratas
376 2097 565 2177 invenimus,
582 2098 768 2177 examinare,
792 2118 868 2163 num
893 2098 967 2181 quid
992 2117 1028 2162 en
1044 2098 1085 2162 iis
1102 2096 1218 2161 deiide
1235 2095 1444 2179 epistularum

214 2186 359 2253 concludi
390 2188 501 2269 possit.
560 2188 759 2252 Firmissime
791 2189 976 2271 argumento
1010 2186 1198 2265 niteremur,
1230 2186 1258 2249 si
1288 2184 1442 2267 epistulas

215 2277 272 2341 sub
289 2276 456 2341 Aeschinis
481 2278 607 2342 nomine
630 2277 765 2341 traditas
789 2278 941 2361 genuinas
965 2278 1077 2360 putare
1099 2275 1211 2340 liceret
1234 2294 1333 2357 neque
1357 2275 1390 2338 in
1407 2294 1443 2338 ea

213 2367 285 2449 ipsa
313 2385 363 2445 re,
395 2366 477 2448 quod
509 2368 575 2431 eius
607 2366 772 2431 undecima
797 2367 934 2450 epistula
958 2368 990 2431 et
1013 2366 1198 2431 duodecima
1222 2365 1347 2448 saepius
1372 2383 1443 2427 cum

213 2456 331 2522 nostris
356 2458 554 2535 conveniunt,
577 2457 697 2522 inesset
721 2457 849 2539 quidam
874 2456 1141 2522 anachronismus.
1188 2455 1338 2538 Legimus
1359 2453 1444 2518 enim

214 2546 352 2625 (Aeseh.)
383 2565 431 2628 ep.
455 2547 513 2625 XI,
538 2549 575 2612 2:
608 2547 716 2612 ἀκούω
748 2547 798 2612 δὲ’
814 2549 892 2624 τοὺς
919 2548 982 2630 μὲν
1013 2545 1117 2612 αὐτοῦ
1148 2549 1333 2631 παρόντας,
1366 2545 1444 2620 τοὺς

213 2637 248 2702 δὲ
270 2638 324 2700 καὶ
341 2630 379 2700 δι’
395 2635 581 2702 ἐπιστολῶν
603 2649 707 2703 κινεῖν
731 2661 763 2700 τι
782 2646 850 2703 τῶν
866 2647 923 2724 τῆς
939 2638 1067 2712 πόλεως
1083 2640 1287 2723 πραγμάτων
1304 2634 1369 2717 et§
1387 2635 1441 2697 11:

214 2729 380 2813 φάσκουσι
409 2728 469 2812 γὰρ
501 2727 570 2791 δεῖν
600 2725 686 2809 ὑμᾶς
709 2725 871 2809 ὁμονοεῖν.
918 2726 1005 2790 Haec
1030 2727 1124 2790 verba
1147 2743 1222 2788 sane
1246 2723 1285 2788 ad
1309 2723 1443 2806 primam

212 2816 491 2880 Demosthenieam
515 2815 685 2896 epistulam
709 2815 899 2896 respiciunt,
924 2835 1002 2898 quae
1027 2817 1076 2879 est
1099 2816 1175 2901 περὶ
1198 2823 1255 2900 τῆς
1278 2813 1442 2896 ὁμονοίας.

212 2905 334 2970 Deinde
357 2904 494 2988 legimus
513 2905 652 2983 (Aeseh.)
677 2925 724 2987 ep.
741 2905 811 2983 XII,
837 2906 894 2969 14:
918 2907 973 2969 καὶ
989 2907 1066 2992 περὶ
1080 2905 1143 2987 μὲν
1158 2912 1227 2968 τῶν
1242 2906 1444 2988 Λυκούργου

213 2995 344 3060 παίδοιν
367 2999 589 3082 Δημοσθένης
619 2994 698 3078 ὑμῖν
721 2993 919 3077 ἐπιστέλλει,
951 2995 985 3058 id
1009 2995 1091 3076 quod
1114 2993 1151 3058 fit
1174 2993 1282 3057 nostra
1307 2990 1444 3074 epistula

212 3085 317 3152 tertia.
364 3084 408 3148 Ut
431 3083 529 3167 igitur
552 3085 609 3149 has
632 3084 800 3149 Aeschinis
825 3102 904 3165 quae
926 3084 1069 3149 feruutur
1093 3082 1247 3166 epistulas
1267 3081 1443 3158 mittamus,

212 3173 333 3256 primus
360 3171 505 3238 Cicero
531 3174 680 3256 quasdam
698 3174 924 3239 Demosthenis
949 3174 1103 3256 epistulas
1128 3171 1303 3254 selegisse
1326 3169 1442 3244 tradit;

213 3263 263 3327 cui
295 3262 437 3345 quintam
461 3263 595 3328 fortasse
620 3283 726 3329 earum
753 3283 833 3346 quae
858 3265 983 3328 exstant
1006 3262 1214 3344 epistularum
1238 3261 1311 3324 ante
1336 3259 1443 3325 oeulos

211 3352 310 3417 fuisse
341 3351 423 3416 infra
454 3352 725 3418 demonstraturus
758 3373 839 3421 sum.
887 3349 1193 3432 Quintilianus
1226 3368 1349 3431 quoque
1379 3348 1444 3411 De-

211 3441 387 3508 mosthenis
420 3441 541 3523 aliquas
574 3443 726 3525 epistulas
755 3446 847 3507 notas
871 3442 970 3507 fuisse
994 3461 1030 3506 er
1054 3461 1090 3507 eo
1114 3439 1329 3521 intellegitur,
1361 3436 1444 3518 quod

211 3532 304 3596 illum
328 3550 400 3595 eum
421 3529 569 3596 Cicerone
594 3550 778 3614 comparans
804 3531 896 3596 dicit:
921 3533 977 3610 „ln
1001 3530 1147 3614 epistulis
1172 3529 1309 3613 quidem,
1334 3546 1444 3609 quam-

212 3640 306 3704 quam
330 3621 405 3684 sunt
427 3621 601 3702 utriusque,
626 3657 667 3668 —
692 3621 780 3684 nulla
805 3621 964 3686 contentio
989 3622 1068 3689 est.“

318 3712 353 3774 In
370 3710 534 3775 Plutarchi
551 3711 616 3776 vita
631 3710 857 3775 Demosthenis
881 3711 1059 3793 complures
1082 3709 1170 3774 locos
1194 3727 1266 3773 cum
1283 3705 1444 3771 similibus

210 3802 389 3865 nostrarum
416 3800 623 3882 epistularum
647 3801 854 3882 congruentes
871 3801 1055 3882 reperimus.
1101 3798 1250 3882 Legimus
1267 3797 1352 3862 enim
1375 3813 1443 3876 cap.

212 3890 253 3955 25
277 3889 372 3954 haec:
397 3887 536 3977 αἰσχύνῃ
560 3900 617 3978 τῆς
640 3889 746 3967 αἰτίας
769 3891 853 3978 φασὶ
874 3892 928 3955 καὶ
944 3885 983 3955 δι’
1002 3888 1183 3954 ἀσθένειαν
1198 3896 1258 3952 τοῦ
1282 3889 1442 3970 σώματος,

211 3978 252 4044 οδ
283 3979 471 4063 δυναμένου
499 3984 613 4067 φέρειν
644 3980 704 4045 τδν
735 3979 883 4066 εἱργμὸν,
917 3979 1104 4066 ἀποδρᾶναι
1139 3977 1309 4060 paulleque
1343 3973 1442 4040 infra:

321 4264 345 4334 1)
365 4265 423 4319 Vol.
443 4266 494 4332 IH,
513 4269 539 4332 2,
558 4266 696 4335 Beilagen,
715 4282 740 4335 p.
761 4266 823 4320 215.

319 4353 346 4423 2)
365 4356 397 4409 In
416 4356 481 4410 Inst.
502 4357 568 4410 orat.
587 4355 620 4419 X,
642 4357 665 4420 1,
687 4357 745 4410 107.
