3175 4925
803 338 964 447 *aa-

268 546 416 629 quoniam
441 544 546 610 omnia
569 544 677 627 paucis
702 538 839 627 exceptis
863 544 1024 610 tolerabili
1047 544 1140 609 modo
1164 542 1246 609 inter
1270 563 1303 609 se
1322 544 1496 625 cohaerent,

267 654 371 701 rerum
396 633 638 718 dispositionem
660 653 716 716 pro
741 635 879 716 epistula
902 634 986 699 haud
1009 634 1055 698 ita
1078 653 1258 716 perversam
1283 652 1353 699 esse
1377 654 1496 703 censeo.

376 724 438 790 Sed
461 726 497 790 ut
520 723 560 789 ad
584 725 755 788 extremam
779 724 892 789 tertiae
916 723 1071 806 epistulae
1094 726 1218 805 partem
1238 723 1414 803 redeamus
1430 744 1498 789 cum

269 814 307 880 de
331 815 442 894 rebus,
467 832 546 897 quae
570 812 609 877 ad
634 832 762 879 causam
785 814 990 895 Harpalicam
1012 813 1182 895 pertinent,
1206 832 1300 896 snpra
1324 815 1498 896 expositum

269 905 328 983 sit,
352 904 469 984 restat,
493 904 530 969 ut
554 904 651 967 etiam
673 902 706 967 iu
729 903 789 968 hac
812 905 901 985 parte
924 922 980 985 pro
1004 903 1142 967 auctoris
1166 902 1392 968 consuetudine
1417 923 1498 969 com-

268 994 466 1097 parationem
501 992 658 1074 quandam
693 991 775 1057 inter
805 993 1054 1058 Demosthenem
1084 992 1117 1057 et
1146 992 1399 1075 Aristogitonem
1431 1013 1499 1058 cnm

269 1083 407 1149 delectat
393 1084 479 1148 tione
512 1080 617 1163 aliqua
652 1081 731 1147 allat
717 1084 785 1147 tam
820 1101 889 1147 esse
920 1081 1072 1150 dicamus.
1118 1082 1174 1147 Bis
1206 1083 1314 1147 autem
1344 1082 1377 1147 id
1410 1083 1500 1148 fitet

269 1174 288 1257 ξ
312 1174 353 1238 37
379 1192 444 1254 seq.
477 1174 508 1236 et
531 1172 549 1255 ξ
572 1172 615 1236 42
641 1190 722 1254 seq,
755 1190 886 1253 quorum
917 1171 1058 1237 locorum
1082 1173 1249 1253 utrumque
1273 1174 1341 1236 arte
1365 1173 1499 1255 quadam

269 1261 340 1327 rhet
325 1263 425 1327 torica
455 1253 639 1326 exornatum
671 1279 739 1325 esse
763 1280 855 1326 nemo
880 1262 1017 1344 negabit.
1064 1262 1221 1325 uxeremis
1244 1260 1358 1325 tertiae
1383 1262 1499 1345 epistu-

268 1352 319 1417 lae
343 1351 447 1417 verbis
471 1351 614 1431 sequitur
637 1351 796 1416 excusatio
820 1350 1045 1415 Demosthenis
1068 1351 1244 1454 precantis,
1268 1370 1307 1414 ne
1331 1352 1402 1434 quis
1427 1352 1501 1416 civi-

269 1442 328 1506 bus
353 1460 386 1505 se
411 1458 593 1505 succensere
616 1442 723 1522 putet;
749 1441 937 1518 tementis,
961 1439 1213 1521 quibusrniuria
1236 1440 1320 1504 iacta
1343 1441 1396 1519 sit,
1420 1445 1501 1506 tam·

271 1550 365 1613 quam
387 1529 540 1595 levationi
564 1548 643 1602 εεευ
668 1528 695 1593 si
720 1528 836 1608 dicant,
860 1491 937 1611 quid
955 1529 1124 1632 patiantur,
1142 1528 1225 1593 sicut
1240 1529 1280 1593 iis
1283 1530 1361 1610 ‚qui
1379 1492 1501 1596 dolores

270 1619 423 1699 habeant,
456 1620 483 1685 si
515 1621 659 1701 gemant;
692 1638 726 1683 se
757 1621 864 1684 autem
887 1620 993 1684 omnia
1015 1619 1150 1701 perferre
1175 1619 1266 1687 velle.
1310 1614 1363 1683 ‘H
1382 1622 1445 1714 γὰρ
1468 1620 1502 1687 ἐν

270 1720 339 1787 τοῖς
361 1713 523 1786 τοιούτοις
546 1704 627 1821 ἧττα
650 1710 731 1796 καλὴ
754 1710 810 1774 καὶ
833 1714 1046 1796 προσήκουσα
1069 1713 1142 1795 νίκη
1167 1710 1258 1811 παρᾲ
1282 1721 1351 1786 τοῖς
1366 1716 1404 1775 εὐ
1419 1735 1501 1798 φρο-

270 1808 366 1865 νοῦσι
395 1803 550 1886 κρίνεται.
582 1796 756 1879 εὐτυχεῖτε.
804 1799 874 1864 Hac
905 1799 1064 1863 sententia
1095 1798 1254 1863 communi
1277 1797 1386 1863 finitur
1409 1800 1503 1864 tertia

274 1888 421 1972 epistula.

379 1975 464 2056 Quae
489 1996 524 2041 er
548 1976 704 2041 erroribus
735 1978 774 2041 ab
807 1979 932 2042 auctore
963 1977 1047 2060 epist
1033 1977 1119 2041 tulae
1150 1976 1305 2042 secundae
1329 1977 1402 2042 tert
1379 1980 1503 2061 tiaeque

272 2067 450 2133 commissis
475 2068 507 2131 et
529 2066 686 2131 rhetorica
710 2084 816 2131 earum
841 2066 947 2131 indole
970 2066 1062 2131 nobis
1086 2067 1156 2131 orta
1179 2068 1228 2131 est
1244 2065 1282 2131 de
1298 2066 1360 2131 lide
1375 2067 1504 2133 illarum

272 2157 426 2239 suspicio,
459 2175 495 2221 ea
525 2156 630 2220 neseio
655 2174 694 2219 an
719 2156 816 2220 etiam
840 2158 1006 2239 augeatur,
1031 2157 1058 2220 si
1083 2156 1209 2239 singula
1233 2155 1388 2239 quaedam
1410 2177 1505 2241 repu-

272 2247 455 2324 taverimus,
480 2264 558 2328 quae
583 2244 622 2309 ad
647 2245 909 2327 compositionem
933 2246 1102 2327 pertinent.

378 2336 478 2401 Utin
502 2336 683 2399 universum
707 2336 840 2418 utraque
864 2334 1002 2418 epistula
1025 2337 1092 2399 arte
1116 2333 1251 2417 quadam
1274 2336 1435 2401 rhetorica
1460 2340 1506 2402 est

271 2424 462 2508 composita,
495 2424 541 2490 ita
575 2424 608 2488 in
633 2423 768 2508 singulis
800 2425 944 2508 partibus
978 2443 1153 2490 sermonem
1185 2424 1311 2508 saepius
1336 2428 1504 2493 sententiis

270 2515 436 2581 rhetoricis
472 2515 617 2580 amatum
652 2533 721 2579 esse
757 2515 910 2583 videmus.
956 2514 1168 2580 Recordemur
1199 2533 1323 2592 eorum,
1355 2535 1436 2598 quae
1469 2517 1505 2582 de

270 2605 350 2670 locis
383 2604 620 2684 communibus,
652 2604 705 2686 qui
737 2604 864 2686 quidem
896 2604 1045 2669 similiter
1075 2605 1171 2669 etiam
1201 2604 1234 2667 in
1267 2604 1340 2669 aliis
1376 2607 1504 2690 scriptis

270 2694 480 2777 reperiuntur,
507 2712 601 2776 supra
625 2693 709 2758 dicta
734 2695 817 2761 sunt.
865 2693 1057 2777 Saepissime
1088 2693 1170 2758 tales
1202 2694 1379 2760 sententiae
1402 2695 1505 2761 inser-

270 2787 322 2849 tae
347 2786 430 2854 sunt.
477 2784 535 2862 lta,
559 2783 595 2847 ut
619 2783 761 2864 exemplo
785 2785 866 2861 utar,
890 2803 938 2897 ep.
962 2785 1002 2863 ll,
1030 2783 1069 2848 15
1088 2782 1128 2848 ad
1142 2782 1175 2846 1d
1191 2784 1397 2865 probandum
1424 2786 1506 2869 quod

271 2872 552 2938 demonstrandum
576 2874 634 2951 est,
658 2871 800 2936 additur.
824 2874 865 2937 τὰ
888 2875 948 2959 γὰρ
971 2875 1015 2960 μὴ
971 2877 1191 2959 yyeadyrevc
1207 2871 1266 2936 oda
1282 2872 1352 2938 ἕοτι
1368 2886 1507 2986 ποιῆσαι

271 2969 488 3050 parcitatem
510 2962 680 3044 paulloque
703 2961 785 3026 infra
809 2961 886 3026 haec
909 2962 1020 3046 legunt
1022 2983 1074 3026 ur:
1102 2963 1140 3027 τὸ
1163 2964 1259 3047 νὰρι
1246 2962 1388 3049 μηδὲν
1374 2973 1507 3050 εμαυτῶ

272 3053 458 3118 συνειδέναι
481 3055 642 3138 πεῖράνι
630 3076 687 3134 μοι
711 3051 902 3117 δέδοικεν
874 3077 954 3135 augy
955 3052 1005 3117 (ὲν
1028 3050 1192 3139 ὠφέλειαν
1216 3050 1403 3129 uudeabN
1386 3078 1436 3137 ον,
1461 3055 1507 3131 εἰς

273 3143 368 3207 δὲτὸ
391 3143 519 3226 μαλλον
542 3143 726 3207 λυπεῖσθαι
757 3145 898 3207 πάντων
928 3141 1181 3228 ὀδυνηρότατον.
1230 3140 1340 3222 Neque
1371 3161 1445 3208 vero
1471 3143 1507 3208 de

271 3231 321 3295 his
346 3250 423 3312 opus
456 3231 516 3296 erit
545 3231 690 3313 pluribus
722 3231 782 3313 agi.
829 3231 949 3296 Auctor
978 3231 1076 3314 igitur
1106 3229 1254 3294 facundia
1285 3230 1421 3313 quadam
1445 3253 1506 3298 non

273 3321 367 3386 caret.
414 3321 533 3385 Tamen
557 3321 592 3384 ut
615 3320 647 3384 in
672 3320 757 3384 omni
780 3320 902 3384 ratione
917 3319 963 3385 rei
980 3318 1183 3402 explicandae
1200 3319 1298 3383 nimia
1312 3320 1506 3402 simplicitas

272 3409 481 3493 cognoscitur,
505 3410 551 3473 ita
575 3408 719 3490 singulae
743 3411 920 3474 sententiae
940 3409 1036 3473 nimis
1053 3427 1146 3491 saepe
1162 3409 1327 3478 iterantur.
1374 3411 1507 3476 Initium

273 3500 400 3583 quidem
442 3499 556 3563 tentiae
598 3497 753 3579 epistulae
794 3501 943 3580 quantam
983 3499 1080 3563 habet
1122 3499 1245 3580 copiam
1284 3499 1507 3566 iterationem!

271 3589 360 3654 Dicit
392 3587 476 3652 enim
504 3587 735 3652 Demosthenes
768 3606 802 3651 se
832 3588 865 3651 in
897 3588 1007 3653 exsilic
1040 3585 1146 3652 audire
1177 3607 1195 3652 a
1230 3585 1359 3653 Graecis
1392 3592 1507 3655 ceteris

271 3678 482 3744 Athenienses
508 3676 598 3742 valde
616 3676 794 3757 vituperari,
813 3677 886 3759 quia
902 3677 1019 3743 liberos
1034 3677 1171 3760 Lycurgi
1188 3678 1254 3741 tam
1278 3678 1361 3742 male
1385 3681 1507 3744 tracta-

274 3767 376 3831 verint
399 3767 429 3850 (ξ
454 3765 496 3852 1).
544 3764 679 3849 Lycurgi
700 3766 806 3829 autem
833 3767 934 3848 ipsius
959 3786 1054 3831 causa
1078 3767 1248 3848 epistulam
1273 3785 1307 3831 se
1325 3770 1507 3850 concepisse

274 3853 374 3940 (12).
421 3856 497 3920 Eius
528 3855 652 3919 meritis
683 3854 821 3919 breviter
852 3856 1001 3938 expositis
1026 3857 1134 3920 auctor
1157 3856 1322 3938 proponit,
1351 3858 1507 3938 quomodo

272 3963 339 4009 rem
371 3944 563 4009 tractaturos
596 3945 655 4008 sit:
687 3943 844 4026 imprimis
873 3947 1038 4027 propterea
1070 3945 1241 4027 epistulam
1264 3964 1298 4009 se
1330 3946 1506 4028 scripsisse,

274 4033 357 4116 quod
388 4033 509 4098 civibus
542 4033 607 4098 suis
639 4033 717 4097 utile
749 4051 819 4098 esse
849 4037 940 4115 putet
964 4034 1057 4119 (ὑμῖν
1080 4040 1225 4120 νομίζων
1249 4039 1452 4122 συμφέρειν),
1480 4037 1508 4101 si

274 4122 485 4204 comperiant,
520 4142 613 4206 quam
646 4123 847 4187 vehementer
878 4124 992 4206 reliqui
1029 4123 1142 4189 Graeci
1172 4124 1420 4189 Atheniensibus
1444 4127 1509 4191 ira-

275 4213 419 4287 scantur;
451 4213 538 4294 ipsos
571 4231 693 4294 quoque
718 4211 813 4290 scire,
846 4233 939 4295 quam
963 4212 1047 4278 mala
1070 4213 1154 4278 fama
1177 4213 1313 4297 Lycurgi
1335 4212 1508 4280 liberorum

276 4320 370 4366 causa
400 4302 542 4366 fruantur
574 4303 603 4385 (ξ
637 4299 681 4386 5).
728 4301 840 4366 Paullo
876 4302 957 4366 inira
992 4305 1099 4368 auctor
1133 4304 1308 4385 temperare
1343 4301 1404 4368 sibi
1439 4324 1507 4369 non

275 4391 390 4472 potest,
411 4389 486 4472 quin
502 4390 616 4455 iterum
633 4393 859 4456 commemoret
873 4391 1083 4458 Athenienses
1104 4393 1142 4456 ab
1160 4393 1305 4459 omuibus
1322 4392 1508 4478 vituperari:
