3175 4925
737 253 762 270 ⁸‘
790 241 860 273 ⁸⁸⁰
900 258 909 275 ·
935 261 944 279 ⁸
1016 252 1085 296 '⁰'e

669 315 685 401 ε’
708 317 775 415 '752
795 342 806 390 τ
849 342 1011 417 ::;·,···,:·;
1027 350 1051 403 :·
1066 353 1102 405 :z

659 407 879 458 aete-‚a

232 532 319 597 Haeo
349 529 446 596 habui
477 530 515 595 de
539 529 857 594 Demostheniearnm
881 549 959 611 quae
982 529 1124 594 feruntur
1148 528 1356 611 epistularum

122 622 187 689 fide
212 641 292 704 quae
317 620 471 685 dicerem:
505 638 594 702 spero
618 618 684 684 fure
708 621 745 683 ut
768 619 921 701 epistulas
953 638 971 683 a
993 618 1208 684 Demosthene
1232 617 1356 683 abiudi-

123 712 242 778 caudas
270 730 339 776 esse
365 709 567 793 peritioribus
592 708 809 791 persuadeam.

232 802 397 866 Postremo
432 800 551 878 restat,
584 799 620 863 ut
656 798 693 863 de
729 801 855 863 auctore
890 797 941 863 vel
971 798 1079 880 petius
1112 796 1151 861 de
1175 797 1355 862 auctoribus

122 891 334 974 epistularum
365 908 463 972 pauca
495 888 646 955 dicamus.
694 886 861 967 Quaeritur
892 888 993 967 euim,
1026 886 1130 953 sintne
1162 906 1270 951 omnes
1302 906 1357 951 ser

123 981 281 1064 epistulae
299 979 400 1045 eidem
417 978 535 1043 erectori
553 977 786 1046 adscribendae.
834 976 1016 1042 Sermonem
1033 976 1158 1059 quidem
1175 996 1231 1059 per
1247 994 1355 1042 omues

123 1070 280 1153 epistulas
305 1068 437 1133 eundem
463 1068 527 1133 fere
551 1086 620 1131 esse
643 1066 796 1135 videmus.
843 1067 888 1132 Ut
907 1066 1033 1150 singula
1050 1066 1203 1149 quaedam
1219 1066 1356 1147 afferam,

121 1180 182 1225 vox
208 1178 287 1241 quae
311 1160 361 1223 ast
384 1153 464 1245 ἧττα
488 1157 521 1222 in
546 1156 799 1222 conclusionibus
824 1159 856 1221 et
880 1157 1034 1239 epistulae
1057 1156 1172 1221 tertiae
1189 1158 1221 1220 et
1236 1154 1356 1238 primae

122 1249 269 1314 adhibita
305 1250 370 1324 est3
410 1249 486 1312 item
527 1245 663 1311 formula
697 1247 804 1323 καλῶς
839 1256 1015 1323 ποιοῦντες
1044 1246 1163 1328 pariter
1192 1245 1225 1309 iu
1254 1245 1356 1310 tribus

120 1338 237 1422 primis
262 1338 426 1421 epistulis,
460 1337 579 1403 locutio
612 1355 689 1418 qnae
721 1337 770 1400 est
794 1334 852 1401 ici
875 1361 941 1403 τιαι
964 1332 1049 1401 εἶναι
1076 1337 1108 1399 et
1132 1355 1179 1418 ep.
1204 1335 1245 1414 II,
1270 1336 1312 1401 211
1336 1338 1357 1399 ἃ

122 1429 186 1516 γὰρ
211 1421 264 1515 ἐφ’
288 1426 410 1512 ἑτέροις
433 1425 524 1492 ἐστίν
553 1427 584 1490 et
615 1445 662 1508 ep.
688 1427 711 1503 I,
739 1426 778 1492 15
803 1418 857 1513 ἐφ’
886 1425 967 1509 ὑμῖν
998 1424 1090 1492 ἐστιν
1112 1424 1289 1500 invenitur3
1321 1426 1357 1489 ut

123 1537 173 1600 ep.
204 1518 229 1597 I,
255 1519 296 1581 16
329 1517 376 1581 ita
408 1517 503 1581 etiam
535 1534 582 1597 ep.
614 1514 713 1594 IV,3
745 1514 919 1596 explicatur
952 1514 1199 1580 Atheniensibus
1234 1514 1356 1579 faustas

122 1608 227 1672 sortes
261 1606 395 1672 oraculis
432 1604 522 1670 datas
560 1624 646 1681 esse3
683 1604 825 1669 conferas
857 1604 954 1669 etiam
985 1624 1033 1687 ep.
1066 1604 1123 1685 HI,
1154 1605 1198 1669 34
1233 1604 1358 1691 πολλῆς

122 1696 217 1762 ἐστιν
241 1694 396 1783 εὐηθείας
417 1698 537 1779 μεστός
568 1696 600 1759 et
624 1713 671 1776 ep.
696 1694 750 1772 IV,
777 1696 815 1759 ll
842 1700 1027 1781 παρρησίας
1048 1697 1185 1777 μεστός,·
1216 1696 1285 1759 tum
1308 1693 1357 1759 lo-

122 1786 209 1850 cutio
234 1804 312 1867 quae
337 1787 386 1849 est
410 1790 544 1871 τρέπειν
568 1784 613 1861 εἰς
635 1783 800 1871 κεφαλήν,
835 1784 873 1847 de
898 1785 959 1848 diis
983 1784 1085 1863 dicta,
1109 1785 1142 1848 et
1165 1802 1212 1865 ep.
1236 1782 1290 1862 IV,
1316 1785 1358 1848 10

123 1876 159 1939 et
183 1893 230 1957 cp.
255 1874 308 1955 VI,
335 1877 351 1938 l
376 1874 493 1939 tradita
518 1876 576 1941 est.
623 1873 672 1937 Ne
704 1874 849 1954 quartam
881 1872 1008 1955 quidem
1039 1873 1209 1956 epistulam
1231 1874 1357 1937 tautum

122 1984 144 2029 a
169 1965 271 2029 tribus
295 1964 406 2046 primis
432 1962 579 2046 epistulis
603 1962 720 2027 distare
745 1963 888 2042 arbitror,
913 1966 1065 2045 quantum
1080 1962 1225 2028 Blassius
1238 1961 1262 2045 ¹)
1288 1962 1357 2044 qui-

123 2054 199 2119 dem
231 2055 342 2135 putare
374 2052 506 2121 videtur.
554 2052 670 2117 Omnes
703 2071 774 2117 vero
807 2051 960 2134 epistulas
992 2054 1117 2117 nostras
1149 2071 1184 2117 eo
1216 2053 1357 2134 tempore

124 2142 319 2224 compositas
352 2162 421 2207 esse
452 2161 582 2221 censeo,
615 2161 675 2223 quo
706 2142 932 2207 Demosthenis
956 2160 1055 2225 genus
1087 2140 1211 2206 dicendi
1241 2141 1275 2205 iu
1298 2161 1356 2206 usu

123 2234 212 2308 erat;
237 2232 269 2296 id
293 2231 376 2314 quod
399 2232 544 2297 Blassius
569 2231 637 2314 ipse
660 2249 731 2314 pag.
756 2233 823 2296 394
840 2230 877 2295 de
901 2234 1013 2314 quarta
1037 2230 1174 2314 epistula
1197 2230 1358 2297 coneedit:

123 2323 213 2400 „Das
231 2320 442 2386 Schriftstiiclr
458 2322 502 2386 ist
519 2322 586 2386 also
611 2320 714 2403 gleich
737 2321 891 2385 mancheu
915 2322 1070 2386 uuechteu
1087 2320 1194 2386 Redeo
1218 2320 1251 2386 in
1273 2321 1359 2386 einer

122 2412 195 2478 Zeit
218 2411 369 2492 rerfasst,
402 2431 449 2478 uo
482 2411 532 2477 die
563 2410 744 2493 Principien
776 2410 831 2476 des
859 2410 1165 2478 Demostheniseheu
1199 2409 1277 2476 Stils
1312 2410 1358 2476 im

123 2501 254 2567 Ganzen
278 2502 358 2567 noch
381 2502 425 2566 im
448 2501 663 2566 Beuusstsein
687 2500 824 2570 lebten.“
1197 2581 1200 2587 Ι

232 2591 383 2656 Attamen
415 2591 442 2655 si
475 2610 651 2656 sermonem
682 2589 840 2656 mittimus
874 2593 906 2656 et
935 2610 985 2656 res
1018 2594 1125 2674 gestas
1153 2591 1185 2655 iu
1210 2589 1356 2674 epistulis

123 2684 389 2747 commemoratas
424 2682 586 2763 totamque
622 2681 777 2745 rationem
811 2681 857 2746 rei
895 2674 1077 2746 tra'etaudae
1112 2680 1356 2760 consideramus,

123 2770 195 2835 siue
220 2769 313 2836 dubio
338 2770 475 2835 secunda
498 2771 653 2853 tertiaque
679 2771 816 2853 epistula
838 2772 932 2854 longe
948 2770 1242 2854 praestantissimae
1267 2773 1356 2846 suut;

123 2878 204 2942 quas
237 2860 364 2942 quidem
399 2860 437 2924 ab
470 2859 579 2925 eodem
611 2862 737 2924 auctore
768 2861 926 2926 confectas
962 2880 1032 2925 esse
1062 2861 1267 2926 manifestum
1297 2862 1355 2928 est.

123 2948 274 3014 Vidimus
299 2951 405 3015 autem
430 2949 524 3015 huius
549 2949 685 3014 auctoris
711 2949 876 3015 seientiam
901 2969 1007 3015 eorum
1032 2951 1218 3031 temporum,
1243 2949 1357 3031 quihus

124 3039 359 3104 Demosthenes
384 3039 471 3119 vixit,
494 3037 578 3102 haud
603 3037 791 3104 mediocrem
816 3058 885 3104 esse
902 3059 1035 3121 eumque
1052 3042 1152 3104 artem
1167 3039 1358 3104 rhetoricam

121 3127 277 3212 profiteri.
323 3130 442 3195 Tamen
474 3127 759 3193 demonstrauimus
791 3148 862 3193 eum
896 3131 928 3193 et
959 3147 1078 3194 errores
1103 3128 1302 3194 commisisse
1326 3131 1359 3194 et
1435 3153 1438 3157 ·

122 3217 284 3283 rhetorica
308 3218 384 3283 adeo
410 3217 583 3296 adamasse,
608 3219 643 3282 ut
668 3219 763 3282 etiam
786 3218 924 3301 logicam
940 3217 1096 3284 rationem
1112 3219 1279 3302 neglegere
1294 3238 1357 3284 nou

122 3309 295 3375 vereretur.
343 3306 405 3372 Sed
429 3309 526 3372 etiam
550 3308 746 3389 eloquentiae
770 3309 874 3390 magis
898 3308 1062 3390 magisque
1078 3311 1242 3391 corruptae
1258 3308 1357 3373 vesti-

122 3396 179 3479 gia
209 3395 400 3476 invenimus,
433 3417 511 3479 quae
534 3397 652 3462 maiore
683 3398 832 3463 libertate
862 3397 895 3461 iu
919 3397 1064 3479 epistulis
1088 3397 1242 3480 permissa
1267 3417 1357 3462 excu-

123 3485 190 3550 sari
214 3504 276 3550 uon
300 3488 444 3568 possunt.
491 3487 716 3552 Demosthenis
741 3489 846 3552 autem
871 3506 1048 3552 sermonem
1080 3489 1188 3552 auctor
1210 3488 1356 3553 imitatus

123 3575 177 3640 est
201 3577 233 3639 et
256 3576 424 3642 nonnullos
447 3577 534 3641 locos
567 3595 604 3640 er
636 3577 702 3642 eius
728 3577 922 3642 orationihus
945 3577 979 3641 iu
1004 3577 1156 3659 epistulas
1180 3577 1355 3645 transtulit.

124 3663 288 3730 Secundae
304 3665 479 3748 tertiaeque
496 3666 651 3748 epistulae
668 3667 701 3732 iu
720 3667 901 3733 uuiversum
922 3665 1038 3732 similis
1062 3668 1112 3731 est
1126 3667 1237 3748 prima,
1261 3686 1357 3749 qnare

124 3753 270 3820 eiusdem
302 3757 439 3821 auctoris
471 3775 540 3820 eam
573 3774 642 3821 esse
674 3757 818 3825 arbitror.
864 3756 959 3829 Haud
989 3757 1035 3821 ita
1063 3758 1221 3821 certares
1246 3759 1295 3821 est
1318 3757 1357 3821 de

124 3845 240 3926 quarta
263 3845 399 3927 epistula
423 3864 522 3927 neque
546 3845 718 3911 diiudicare
743 3846 851 3927 audeo,
879 3846 961 3910 sitne
985 3845 1062 3910 haec
1081 3864 1203 3927 quoque
1220 3846 1357 3928 epistula

124 3934 247 3998 auctori
281 3935 379 3998 trium
413 3935 585 4016 primarum
625 3935 835 4002 attribuenda.
889 3934 1041 4014 Quintam
1076 3934 1158 3999 alius
1193 3935 1356 4000 cuiusdam

124 4022 264 4089 auctoris
289 4043 358 4088 esse
381 4025 568 4107 putaverim.
616 4026 663 4090 De
688 4028 776 4091 sexta
800 4025 934 4108 denique
958 4025 1114 4106 epistula,
1137 4025 1211 4106 quia
1234 4024 1357 4090 breuior

125 4114 184 4194 est,
209 4115 329 4202 certum
352 4113 503 4179 iudicium
526 4114 600 4180 ferri
624 4135 686 4182 nou
709 4117 824 4199 potest.

236 4256 262 4324 1)
281 4256 315 4309 D.
335 4271 357 4309 a.
377 4254 501 4309 Beredts.
520 4255 571 4325 111,
593 4259 616 4322 1,
636 4259 696 4311 394.

588 4438 889 4466 ..ψ-.....-
