3175 4925
583 361 743 461 A

64 555 145 643 αδτιιῦ
176 567 232 645 τῆς
263 557 392 634 πόλεως
422 554 615 644 ἐπανῆλθεν
646 561 699 623 καὶ
731 558 835 624 πάλιν
862 552 931 623 κατ’
945 555 1173 644 1Ἀλεξάνδρον
1196 556 1284 643 ἐ’λεγε

63 647 112 729 (or.
143 666 187 730 gr.
217 646 265 716 ed.
290 646 397 715 Reisk.
422 646 484 713 vol.
508 647 570 726 IV,
601 667 631 729 p.
658 649 745 731 150).
792 649 861 713 Hoc
884 648 969 712 enim
991 648 1079 712 nullo
1105 648 1167 713 alio
1191 648 1284 713 testi-

63 737 158 802 monio
190 736 400 804 confirmatur.
447 698 576 801 Rectius
608 737 735 819 quidem
767 756 940 821 anonymus
971 739 1004 802 in
1032 737 1088 806 vit.
1111 738 1203 806 Dem.
1228 735 1283 822 (iu.

62 824 183 911 pind)
207 826 283 891 haec
316 826 460 908 scripsit:
484 824 596 911 Αλεξ’
578 828 730 943 ονδρου
724 828 797 893 δέ
786 825 1047 914 χωρισθέντος>
1033 852 1065 910 ε,
1053 826 1284 912 ἀνθρώπιον

66 915 98 981 ἐν
119 917 300 999 Βαβυλῶνι,
326 919 620 993 καταπαύσαντος
617 920 689 1005 τὴν
712 917 764 999 dap
752 920 819 1005 μὴν
843 927 900 1004 τῆς
918 919 1025 1003 τύχης,
1044 914 1296 983 ἀνεκαλέσαντο

65 1006 111 1069 διὰ
144 1010 360 1093 ψηφίσματος
394 1006 425 1070 οἱ
456 1003 629 1117 Αθηναῖοι
664 1008 723 1073 τὸν
753 1012 980 1094 Δημοσθένην
1013 1005 1282 1093 ὁμολογήσαντες,

64 1094 230 1160 decedenti
253 1100 467 1181 κατέγνωσαν
490 1092 707 1183 Αλεξάνδρου
732 1095 862 1183 (φόβῳ.)
910 1095 1076 1159 Terminus
1101 1114 1186 1174 vero,
1211 1098 1285 1160 ante

64 1202 146 1265 quem
170 1184 307 1266 epistula
331 1184 448 1268 scripta
473 1185 750 1269 sit,p·arag1apho
775 1187 794 1250 8
819 1185 1036 1264 constituitur,
1060 1184 1114 1249 ubi
1136 1185 1214 1250 haec
1237 1186 1284 1250 le-

64 1275 185 1355 guntur:
219 1272 398 1361 ἐπειδήπερ
429 1274 460 1339 οἱ
483 1276 559 1340 θεοὶ
581 1276 688 1351 καλῶς
711 1282 888 1351 ποιοῦντες
909 1277 1078 1351 σωσαντες
1100 1277 1162 1362 τρν
1185 1276 1286 1340 πάλιν

63 1362 301 1428 ἀποδεδώκασιν
331 1362 411 1447 ὑμῖν
441 1364 461 1429 δ’
490 1389 522 1428 τι
553 1365 595 1429 δν
624 1364 791 1452 βούλησθε
824 1363 859 1448 ἐξ
888 1364 989 1453 ἀρχῆς
1017 1365 1284 1448 pontiniacensium

64 1472 182 1533 quocum
208 1452 349 1517 conferas
375 1472 523 1567 eaquae
546 1453 601 1536 §2
625 1407 742 1518 tradita
759 1456 850 1518 sunt:
875 1454 935 1519 τὸν
951 1408 985 1519 δὲ
1002 1458 1154 1540 παρόντα
1170 1454 1285 1540 καιρὸν

64 1541 196 1627 ipson-
215 1547 381 1630 σωτηρίαν
404 1544 458 1607 καὶ
481 1542 675 1628 ἐλευθερίαν
699 1543 886 1625 δυνάμενον
909 1548 1098 1631 κτήσασθαι
1117 1542 1157 1609 οὐ
1179 1546 1285 1627 μόνον

63 1630 146 1713 ὑμῖν,
179 1632 262 1697 ἀλλὰ
293 1634 347 1696 καὶ
378 1644 446 1709 τοῖς
476 1632 631 1709 ἄλλοις(
617 1634 745 1697 άπασιν
768 1629 932 1720 Ἕλλησιν.
978 1633 1077 1735 Atqui
1102 1569 1212 1698 notuin
1236 1635 1286 1697 est

63 1685 262 1787 Athenienses
285 1723 358 1805 post
344 1720 543 1786 tAlexandri
567 1721 651 1804 regis
676 1723 809 1787 mortem
828 1722 1059 1787 Macedonum
1049 1740 1158 1803 uugum
1175 1741 1286 1787 exuere

63 1812 179 1875 conatos
205 1829 284 1888 esse,
312 1810 409 1875 donec
433 1811 552 1893 proelio
577 1810 660 1893 apud
676 1810 872 1876 Crannonem
896 1812 1064 1877 commisso
1089 1830 1196 1876 eorum
1212 1830 1285 1894 spes

64 1900 334 1984 exstinguerentur.
393 1901 503 1983 Itaque
539 1902 611 1965 onte
645 1901 726 1965 hanc
760 1919 898 1984 pugnam
932 1900 1102 1984 epistulam
1134 1900 1285 1984 scriptam

64 2007 123 2053 esse
146 1992 285 2072 apparet.

157 2080 201 2147 Ut
225 2080 264 2145 ad
289 2098 335 2157 ea,
352 2099 431 2163 quae
454 2081 513 2144 hac
537 2078 673 2162 epistula
697 2079 907 2158 continentur,
923 2081 1131 2159 transeamus,
1148 2080 1286 2162 primum

64 2167 177 2248 quidem
202 2169 354 2234 habemus
379 2172 529 2251 quattuor
552 2168 678 2234 exordia
700 2171 847 2252 quartam
869 2171 993 2251 partem
1013 2169 1113 2234 totius
1131 2169 1286 2252 epistulae

64 2257 219 2338 explentia.
266 2260 407 2323 Primum
432 2261 538 2324 autern
563 2258 740 2338 exordium,
772 2257 855 2341 quod
879 2257 1052 2323 solemnem
1076 2258 1174 2324 habet
1196 2260 1286 2325 invo-

65 2345 210 2413 cationem
234 2348 374 2426 deorum,
397 2348 506 2432 legens
532 2348 602 2430 quis
627 2368 688 2413 nou
712 2347 865 2431 prooemii
888 2347 1040 2413 orationis
1065 2347 1103 2412 de
1127 2368 1188 2416 cor.
1212 2349 1287 2435 hab,

65 2437 257 2504 recordatur?
303 2437 403 2504 Nulla
427 2440 476 2504 est
500 2437 666 2518 dubitatio,
693 2437 767 2521 quin
793 2439 877 2504 recte
893 2438 1057 2504 Dobraeus
1082 2439 1121 2503 ad
1141 2441 1286 2504 nostrum

63 2524 156 2591 locum
186 2528 403 2594 annotaverit:
437 2527 663 2612 „Impudentur
693 2529 834 2611 sublegit
862 2534 918 2606 (sc.
943 2530 1051 2593 auctor
1074 2528 1287 2611 epistulae)a

63 2614 103 2679 lle
125 2616 212 2686 Coro.
244 2617 367 2687 initio.“
413 2619 535 2683 Partim
568 2618 664 2684 etiam
696 2617 858 2684 exordium
889 2620 1032 2683 nostmm
1064 2637 1134 2683 cum
1163 2638 1224 2683 uno
1249 2637 1286 2682 ex

63 2703 306 2774 Demosthenicis
338 2726 417 2789 quae
448 2708 591 2773 feruutur
614 2709 784 2790 prooemiis
810 2708 963 2791 congruit.
1011 2707 1165 2791 Compara
1189 2708 1283 2774 haec:

356 2797 454 2879 opi,
481 2799 496 2862 1
970 2816 1109 2879 prooem.
1135 2798 1177 2863 25

64 2883 187 2968 εὔχομαι
215 2887 253 2974 ep
277 2899 347 2963 τοῖς
368 2892 463 2964 θεοῖς
486 2897 569 2952 πᾶσι
592 2890 646 2951 καὶ
671 2891 802 2969 πάσαις,
860 2885 995 2970 εὔχομαι
1027 2886 1061 2952 δέ
1091 2899 1159 2963 τοῖς
1192 2893 1287 2963 θεοῖς

64 2971 79 3036 δ’
107 3000 136 3039 τι
169 2982 216 3062 τιιῖι
247 2976 327 3063 δήιι
300 3000 337 3038 αο
369 2981 415 3062 τῷ
446 2974 638 3085 Αθρνοιάον
669 2977 805 3063 άριστδν
860 2980 881 3041 u
911 2978 964 3040 καὶ
995 2983 1036 3063 τῇ
1066 2975 1161 3040 πόλει
1188 2975 1284 3059 κάμοὶ

64 3039 206 3130 ἐστικαὶ
222 3077 291 3142 τοῖς
314 3063 468 3131 εὐνοοῦσι
491 3073 537 3151 τιιιῖ
561 3066 670 3179 δρμιιο
672 3068 726 3130 καὶ
742 3090 806 3131 νυν
860 3069 1070 3151 σομφέρεινι
1058 3065 1176 3146 μέλλει,
1192 3062 1285 3129 ταῦτ’

63 3153 109 3216 καὶ
130 3153 162 3231 ἐς
185 3156 245 3220 τὸν
268 3153 384 3220 ἔπειτα
400 3159 530 3268 χρόνον,
549 3153 639 3220 τοῦτ’
657 3154 729 3264 ἐμοὶ
743 3155 806 3238 μέν
861 3153 934 3267 ἐμρί
963 3177 998 3217 τε
1031 3153 1138 3218 εἰπεῖν
1170 3117 1286 3220 ἐλθεῖν

64 3237 112 3306 ἐπὶ
133 3253 215 3309 νοῦν
239 3243 353 3309 ἐλθεῖν
375 3248 519 3330 γράψαι,
546 3238 668 3321 τοῖςδ
694 3243 806 3331 ἐκκλρ-
862 3241 919 3308 ἐπὶ
942 3251 1024 3308 νοῦν
1047 3244 1101 3307 καὶ
1120 3241 1200 3325 ὑμῖν
1216 3243 1285 3309 ἑλέ-

65 3335 211 3398 οιάσοσιν
234 3329 378 3420 Αθηναί
378 3358 426 3399 ιον
449 3333 594 3400 ἑλέσθαι.
863 3338 955 3398 σθαι.

159 3421 356 3506 Quamquam
381 3424 479 3488 etiam
493 3423 628 3507 Lycurgi
653 3421 784 3488 oratio
776 3443 809 3487 m
824 3423 1007 3488 Leocratem
1031 3421 1141 3486 habita
1161 3421 1285 3485 asimi-

65 3505 137 3574 libus
169 3512 272 3577 verbis
303 3512 431 3595 incipit,
463 3516 569 3578 tamen
601 3513 706 3595 graeci
737 3511 864 3594 quidem
896 3515 965 3577 orat
966 3531 1035 3577 ores
1068 3510 1139 3576 ab
1130 3513 1257 3575 invocat
1257 3512 1285 3575 is

65 3600 234 3666 numinibus
267 3602 424 3668 orationes
457 3603 602 3667 incohare
632 3622 693 3666 uon
718 3599 1002 3680 solebauttQuid
1027 3619 1097 3665 vero
1122 3600 1287 3664 innostra

65 3684 142 3753 brevi
165 3691 302 3773 epistula
326 3691 466 3757 solemne
490 3693 549 3757 hoc
574 3691 736 3756 exordium
758 3690 821 3756 sibi
844 3691 938 3769 velit,
964 3689 1092 3754 difficile
1117 3689 1198 3753 eat
1189 3692 1238 3753 rut
1224 3690 1286 3754 tel-

65 3773 148 3847 leotu
194 3782 232 3845 In
264 3780 401 3846 secundo
424 3781 583 3936 prooemio
608 3780 736 3863 exponit
766 3783 891 3858 auctor,
923 3799 976 3844 our
1007 3777 1176 3861 epistulam
1208 3781 1286 3844 scri-

66 3868 163 3964 pserit
210 3869 300 3950 Quod
332 3870 414 3935 adt
399 3871 531 3936 tterinm
554 3869 713 3936 exordium
739 3870 870 3949 attinet,
894 3871 1009 3933 mirum
1033 3869 1091 3947 est,
1115 3867 1287 3949 quoduam

66 3952 94 4016 in
114 3956 259 4024 Isocratis
292 3960 433 4025 oratione
465 3959 691 4042 quintaque
717 3979 780 4041 seq
807 3959 935 4040 eiusque
959 3957 1062 4039 prima
1086 3958 1223 4039 epistula
1247 3959 1287 4022 ad

67 4040 240 4130 Dionysium
264 4049 364 4114 missa
387 4050 405 4133 ξ
430 4050 449 4113 2
475 4051 507 4114 et
530 4051 549 4113 3
575 4048 724 4113 similiter
747 4049 873 4129 atque'
864 4067 897 4112 1n
922 4049 1030 4111 nostra
1054 4045 1200 4127 epistula,
1225 4048 1285 4111 eti-

69 4135 138 4198 amsi
168 4137 311 4217 uberius,
344 4139 578 4203 demonstratur
609 4136 769 4202 difficilius
801 4156 870 4201 esse
902 4155 958 4219 per
981 4134 1036 4199 litt
1007 4137 1105 4199 tteras
1131 4135 1285 4217 explicare

69 4222 133 4298 quid
161 4188 413 4292 facienduint
370 4228 429 4306 sit,
461 4247 555 4309 quam
584 4227 777 4292 orationibus
803 4245 908 4290 coram
931 4225 1132 4290 audientibus
1156 4224 1284 4293 habitis.

68 4307 161 4378 Etiam
192 4316 294 4398 quarti
319 4278 453 4395 exordii,
485 4336 545 4399 qno
569 4319 677 4382 auctor
701 4315 777 4380 dicit
802 4335 863 4381 non
886 4317 955 4380 tam
976 4316 1104 4398 propter
1127 4314 1286 4378 oratorum

70 4395 195 4486 inopiam
218 4425 312 4493 quam
335 4409 371 4475 ut
395 4367 550 4484 declaret,
574 4406 682 4492 quid
672 4424 740 4494 rpse
764 4405 858 4475 homo
881 4424 986 4474 rerum
1009 4402 1207 4492 publicarum
1229 4422 1285 4490 pe-
