3175 4925
711 254 732 319 9

640 344 800 353 ι---

104 456 313 539 μνησθέντες
336 448 594 537 ἐγκαλύψασόέ(
620 454 676 529 (--
700 470 747 534 ep.
771 451 828 527 ΙΙΙ,
851 451 917 528 42),
963 449 1085 515 Deinde
1108 450 1333 539 Hermogenes,

104 541 160 606 uhi
192 542 290 628 ,περὶ
319 541 522 628 βαρύτητος(
555 540 649 619 dicit,
672 540 750 605 haec
774 540 901 622 exponit
912 537 954 625 ¹):
987 540 1235 628 παραδείγματα
1267 549 1335 606 τῶν

106 630 246 697 ἐννοιῶν
269 633 398 695 τούτων
430 630 538 695 πολλὰ
569 629 605 695 ἐν
636 653 671 694 τε
702 636 741 717 τῇ
771 628 857 716 ύπέρ
888 639 957 695 τῶν
980 633 1181 718 Λυκούργου
1204 630 1335 696 παίδων

106 719 265 807 ἐπιστολῇ
295 721 350 783 καὶ
381 717 418 785 ἐν
449 726 488 807 τῇ
519 720 596 806 περὶ
626 729 683 806 τῆς
709 719 830 785 ἑαυτοῦ
852 720 1010 785 καθόδου.
1036 718 1072 785 ἐν
1095 724 1209 802 μέντοι
1232 723 1335 807 ταύτῃ

104 812 160 875 καὶ
191 810 228 873 τό
261 813 437 894 προοίμιον
468 808 573 885 εὐθὺς
602 813 754 874 τοιοῦτόν
785 807 876 874 ἐστιν
910 810 1020 890 ίίπαν,
1057 806 1129 873 οἷον
1161 808 1335 894 ,ἐνόμιζον

104 900 168 983 μὲν
191 893 248 987 ἐφ’
275 893 322 964 ὧν
346 896 596 985 ἐπολιτευόμην,
622 896 682 979 ούχ
705 898 798 974 ὅπως
819 899 922 985 μηδὲν
945 898 1031 979 ὑμᾶς
1050 897 1180 980 ἀδικῶν,
1199 906 1335 963 τοιαῦτα

107 988 308 1054 πείσεσθαί(
333 988 451 1052 καὶτὰ
474 986 555 1074 έξης.
603 986 709 1051 Etiam
732 986 765 1050 in
790 988 1035 1067 commentariis,
1061 987 1113 1069 qui
1138 986 1177 1051 ad
1201 988 1335 1052 Hermo-

107 1076 196 1161 genis
222 1076 341 1159 scripta
363 1076 439 1141 faeti
463 1078 546 1155 sunt,
571 1076 697 1158 saepius
721 1078 848 1141 nostrae
868 1077 1023 1159 epistulae
1041 1078 1335 1145 commemorantur.
1444 1097 1449 1102 ·

106 1168 157 1233 Ita
180 1167 213 1231 in
236 1166 327 1245 libre,
352 1166 401 1231 uui
424 1166 607 1231 inscribitur
632 1168 708 1253 περὶ
732 1169 922 1253 σχημάτων,
948 1161 996 1231 ὧν
1015 1161 1215 1253 Ἑρμογένης
1237 1165 1336 1253 ἐμνη-

106 1260 270 1340 μόνευσεν
301 1253 336 1321 ἐν
367 1266 436 1332 τοῖς
466 1258 543 1342 περὶ
574 1254 735 1343 εύρέσεων
765 1256 820 1319 καὶ
850 1255 946 1321 ίδειῖιν
978 1255 1114 1339 βιβλίοις
1144 1253 1334 1340 σύνοψιςῖ),

108 1346 167 1411 sub
190 1363 265 1411 vooe
289 1349 531 1431 προστακτικόν
560 1345 643 1409 huno
673 1344 786 1409 tertiae
819 1346 974 1427 epistulae
1004 1345 1109 1410 loeum
1128 1345 1335 1409 invenimus:

108 1444 166 1522 τῆς
175 1432 452 1522 Ἀριστογείτονος
462 1440 598 1520 κρίσεως
610 1434 883 1521 ἀναμνησθέντες
894 1433 1140 1520 ἐγκαλύψασθε.
1186 1433 1337 1498 Eiusdem

108 1523 170 1589 loei
194 1524 311 1589 mentio
335 1524 373 1588 fit
396 1523 478 1605 apud
502 1524 703 1606 Anonymum
735 1524 888 1604 quendem
914 1526 946 1588 in
970 1524 1069 1600 lihro,
1101 1524 1153 1605 qui
1188 1525 1237 1587 est
1261 1524 1337 1611 περὶ

108 1617 284 1700 σχημάτων
294 1612 332 1697 3).
390 1614 547 1678 Maximus
578 1611 773 1691 Planudes4)
804 1614 837 1677 iu
873 1614 1002 1678 scholiis
1034 1613 1074 1678 ad
1105 1613 1337 1695 Hermogenem

108 1702 287 1785 epistulam,
301 1721 337 1767 ex
352 1722 413 1784 qua
429 1702 517 1767 loeus
533 1703 589 1767 ille
602 1712 659 1789 τῆς
673 1700 951 1789 Ἀριστογείτονος
965 1707 1101 1790 κρίσεως
1113 1704 1172 1767 eet.
1190 1704 1336 1784 sumptus
1372 1780 1375 1785 ,

108 1793 166 1871 est,
191 1791 253 1857 alio
279 1812 315 1857 ao
334 1811 391 1857 nos
409 1792 546 1857 solemus
564 1792 689 1857 nomine
715 1791 891 1875 signifieat;
917 1792 994 1856 dioit
1013 1792 1112 1857 enim:
1136 1793 1155 1879 ἡ
1179 1791 1336 1879 ἐπιστολὴ
1363 1847 1366 1850 .

108 1883 186 1969 περὶ
209 1880 359 1969 ἀφέσεως
382 1880 629 1968 ἐπιγέγραπται.
678 1879 857 1963 Sequuntur
880 1882 973 1947 haee:
999 1880 1035 1947 ἐν
1059 1881 1093 1947 δέ
1118 1888 1158 1969 τῇ
1181 1883 1339 1968 περὶτῆς

107 1971 192 2047 ἰδίας
213 1971 362 2036 καθόδου
386 1968 544 2059 ἐπιστολῇ
562 1975 682 2058 γράφει
697 1980 796 2039 τοῦτο
812 1978 851 2059 τῇ
866 1972 969 2059 βουλῇ
983 1973 1038 2035 καὶ
1053 1978 1098 2057 τῷ
1112 1971 1211 2058 δημιμ.
1236 1968 1337 2049 Addo,

108 2078 188 2143 quae
212 2060 369 2125 Maximus
401 2060 439 2124 de
462 2060 676 2125 Demosthene
707 2062 830 2125 narrat:
863 2060 991 2146 ἀπέδρα
1022 2070 1082 2125 τοῦ
1115 2060 1337 2147 δεσμωτηρίου

107 2151 162 2215 καὶ
185 2148 341 2236 ἀπῆλθεν
372 2149 418 2226 είς
450 2156 630 2237 Τροιζῆνα,
662 2154 819 2215 nouarum
847 2149 894 2226 είς
914 2150 1044 2237 Ἄργος·
1071 2151 1154 2215 ὅθεν
1177 2150 1337 2237 τῷδήμῳ

108 2241 167 2317 τὰς
190 2237 368 2316 ἐπιστολὰς
390 2237 574 2305 ἐπιστέλλει
604 2242 744 2319 auduus,
775 2238 858 2321 quod
889 2239 1016 2321 quidem
1046 2259 1108 2304 non
1140 2239 1234 2321 plane
1266 2258 1338 2303 oum

108 2328 227 2394 nostris
253 2328 400 2411 epistulis
425 2329 579 2408 convenit,
604 2328 751 2410 quoniam
776 2329 809 2391 in
834 2328 970 2393 seonnda
994 2328 1132 2411 epistula
1147 2328 1336 2393 Demosthe-

107 2437 179 2484 nem
205 2419 362 2484 Troezene
387 2419 418 2484 et
449 2417 611 2496 Calauria,
642 2436 704 2483 non
726 2417 821 2502 Argis
852 2417 951 2483 fuisse
981 2418 1127 2486 traditur.
1174 2418 1281 2484 Etiam
1304 2418 1337 2483 in

107 2507 263 2587 libelluli),
297 2508 350 2591 qui
382 2510 578 2590 nuncupetur
606 2503 769 2575 Ἰωάννου
800 2518 860 2574 τοῦ
891 2509 1086 2574 Σικελιώτου
1117 2507 1266 2596 ἐξήγησις
1292 2508 1338 2585 είς

107 2600 166 2675 τὰς
189 2597 276 2675 ἰδέας
298 2607 358 2663 τοῦ
376 2593 598 2685 Ἑρμογένους,
616 2598 842 2663 Demosthenis
861 2599 1016 2681 epistulae
1033 2599 1336 2673 commemorantum

108 2687 208 2752 veluti
232 2687 263 2751 in
286 2687 356 2752 his:
390 2687 429 2752 Εἰ
460 2688 494 2752 δέ
517 2689 555 2752 τδ
587 2688 770 2776 περιφανές
792 2687 919 2771 ἀξίωμα
950 2699 1007 2775 της
1029 2688 1158 2775 βουλῆς·
1180 2697 1278 2752 τοῦτο
1303 2686 1337 2752 ἐκ

109 2787 167 2864 τῆς
189 2775 365 2864 ἐπιστολῆς
388 2775 479 2842 ἐστιν
502 2801 606 2842 αυτου
630 2800 687 2864 της
709 2795 794 2864 υπερ
823 2786 883 2842 τού
906 2781 1107 2864 Λυκούργου
1132 2777 1271 2857 παίδων,
1297 2780 1338 2863 ἣν

108 2870 226 2953 γράφει
250 2867 304 2930 καὶ
327 2866 413 2952 ύπέρ
445 2867 566 2932 ἑαυτοῦ
596 2868 650 2931 καὶ
680 2865 766 2953 ύπέρ
798 2870 936 2933 τούτων·
956 2867 1126 2949 paulloque
1156 2865 1239 2930 infra
1260 2865 1338 2929 haee

109 2956 250 3020 exstant:
276 2954 394 3042 ἐφυγε·
419 2960 539 3044 γράφει
562 2950 623 3022 ούν
646 2955 731 3041 ύπέρ
756 2981 790 3021 τε
814 2965 882 3021 τῶν
905 2959 1107 3043 Λυκούργου
1131 2955 1262 3020 παίδων
1284 2955 1339 3018 καὶ

107 3043 194 3131 ὑπὲρ
217 3055 274 3132 τῆς
297 3045 416 3111 ἑαυτοῦ
439 3045 588 3111 καθόδου
619 3047 680 3132 την
710 3043 890 3131 ἐπιστολὴν
913 3048 1047 3132 ταύτην.
1095 3043 1208 3109 Confer
1232 3043 1338 3123 etiam,

110 3151 189 3215 quae
214 3135 403 3216 sequuntur,
435 3135 490 3199 ubi
520 3133 605 3198 idem
628 3134 684 3198 ille
708 3134 847 3199 Joanues
880 3133 918 3197 de
942 3133 1015 3198 aliis
1038 3132 1117 3198 loeis
1142 3151 1178 3198 ex
1202 3132 1339 3198 secunda

107 3222 266 3305 tertiaque
302 3224 440 3306 epistula
478 3223 673 3306 depromptis
712 3223 862 3304 loquitur.
910 3221 1064 3287 Similiter
1100 3223 1139 3288 ab
1174 3225 1338 3307 Anonymo

107 3312 242 3395 quodam
266 3313 300 3377 in
323 3313 421 3392 libro,
453 3313 503 3378 oui
533 3313 718 3378 inscribitur
747 3313 861 3394 σχόλια
885 3311 931 3389 εἰς
950 3307 1171 3401 Ἑρμογένους
1195 3313 1291 3379 ἰδεῶν
1300 3311 1336 3395 ⁶),

107 3403 270 3485 complura
307 3402 344 3466 de
376 3403 590 3468 Demosthene
626 3402 840 3485 explicantem
875 3401 960 3467 idem
995 3421 1091 3467 unam
1123 3422 1160 3468 ex
1190 3401 1338 3485 epistulis

107 3493 185 3579 περὶ
208 3491 358 3579 ἀφέσεως
379 3492 565 3575 inscriptam
591 3511 659 3557 esse
684 3491 770 3571 dieit,
796 3491 885 3556 addit
908 3495 1014 3558 autern
1037 3493 1131 3558 haee:
1156 3490 1337 3578 ἐπιγράφε-

106 3605 161 3645 ται
184 3581 295 3648 δὲκαὶ
319 3583 395 3669 περὶ
418 3591 486 3648 τῶν
509 3584 710 3667 Λυκούργου
735 3581 875 3646 παίδων.

216 3868 242 3934 1)
261 3865 331 3920 Ibid.
351 3865 401 3932 III,
419 3883 445 3936 p.
465 3868 525 3920 349.

103 4009 105 4013 ,
213 3955 241 4024 2)
260 3955 330 4010 Ibid.
349 3955 401 4021 III,
420 3973 446 4026 p.
467 3959 526 4010 707.

214 4045 240 4114 3)
259 4045 329 4099 Ibid.
348 4045 424 4110 vnn,
444 4063 470 4116 p.
491 4049 550 4100 631.

213 4137 238 4200 4)
259 4134 329 4188 Ibid.
350 4135 382 4204 V,
401 4151 428 4204 p.
447 4135 508 4189 495.

213 4225 242 4289 5)
260 4223 330 4278 Ibid.
349 4225 396 4293 VI,
415 4242 441 4295 p.
460 4226 513 4278 253
534 4227 562 4279 et
580 4221 634 4278 254
653 4239 708 4292 seq.

215 4313 240 4382 6)
259 4312 329 4368 Ibid.
349 4314 410 4382 VII,
429 4330 460 4385 p.
476 4317 528 4368 993
547 4329 605 4382 seq.
