3175 4925
640 338 801 442 L

105 540 207 604 utitur
230 537 338 601 auctor
362 536 587 618 epistularum
612 535 752 602 conferas
777 539 862 603 enim
885 538 979 602 haec:
1005 556 1052 620 cp.
1077 539 1118 617 II,
1135 540 1177 603 26
1194 550 1263 615 τοῖς
1277 534 1337 632 ὑφ’

105 628 201 714 ὑμῶν
225 626 439 714 ἀγνοηθεῖσιν
462 624 707 713 ὑπηρετοῦντες
733 627 782 705 (cl.
801 628 906 710 epil,
926 629 966 692 19
983 633 1022 715 τῇ
1037 623 1106 692 κατ’
1125 626 1181 711 ἐμὲ
1197 627 1334 715 ἀγνοίᾳ),

105 739 154 803 ep.
179 717 245 796 ΙΙΙ,
280 720 294 780 1
329 728 397 792 τοῖς
429 715 504 802 περὶ
536 717 614 792 τοὺς
642 720 844 804 Λυκούργου
876 718 998 794 παῖδας
1020 722 1239 803 γιγνομένοις,
1272 718 1291 801 ἕ
1316 719 1336 783 2

105 818 175 874 τῶν
199 806 311 891 ἐκείνην
336 812 436 892 ζῶντι
459 810 706 892 πεπραγμένων
725 806 829 886 ἕνεκα,
855 808 873 891 ἓ
889 808 910 871 4
926 806 1082 884 ἀσθενεῖς
1097 806 1152 874 ἐπὶ
1169 819 1238 885 τοῖς
1253 831 1337 892 συμ-

105 901 279 985 βεβηκόσιν
303 896 417 977 ὄντας,
451 896 469 978 5
494 896 536 959 3s
561 904 629 959 τῶν
651 894 738 983 ὑπὲρ
762 896 857 979 ’ὑμῶν
881 902 1135 983 πεπονημένων,
1162 897 1179 981 ἓ
1202 898 1246 962 40
1269 907 1338 964 τῶν

106 988 193 1075 ὑπὲρ
223 985 319 1069 ὑμῶν
350 986 660 1068 πεπολιτευμένων,
694 1004 741 1068 ep,
765 986 797 1063 I,
833 988 870 1051 11
902 999 971 1064 τοῖς
997 985 1032 1053 dr
1055 996 1115 1053 τοῦ
1139 998 1338 1074 παραχρῆμα

107 1081 348 1161 συμβαίνουσιν
379 1075 490 1161 ὀρθῶς
519 1080 679 1161 χρῆσθαι,
712 1094 758 1157 ep.
789 1076 851 1154 lv,
882 1078 903 1141 4
933 1085 1001 1142 τῶν
1032 1077 1090 1165 λη’δη
1114 1082 1339 1165 γεγενημένων

107 1167 208 1248 ἐστίν,
235 1166 252 1248 ἓ
277 1166 298 1231 5
322 1164 497 1231 ἀδυνάτων
522 1163 669 1251 ἐφίεσθε.

215 1256 261 1320 Dx
284 1256 334 1334 iis,
358 1273 437 1336 quae
462 1254 499 1319 de
524 1254 677 1318 sermonis
703 1255 814 1319 ornatu
831 1254 1048 1335 disseruimus,
1064 1256 1210 1339 intellegi
1227 1275 1339 1322 censeo

108 1349 141 1412 et
164 1345 443 1411 Demosthenicum
475 1344 630 1427 quendam
654 1343 790 1409 colorem
815 1348 847 1409 et
869 1345 1027 1427 propriam
1052 1345 1191 1429 aliquam
1215 1346 1340 1426 dicendi

107 1436 264 1502 rationem
287 1434 320 1499 in
345 1432 491 1515 epistulis
516 1433 671 1517 cognosci.

216 1524 323 1589 Tertio
347 1524 426 1601 loco,
450 1526 486 1588 ut
510 1526 577 1589 erat
600 1524 806 1606 propositum,
823 1525 957 1589 transire
973 1524 1069 1589 liceat
1085 1524 1124 1590 ad
1141 1524 1341 1591 consideran-

109 1618 181 1682 dam
218 1612 478 1695 compositionem
514 1613 753 1682 sententiarum.
808 1614 845 1677 In
876 1614 1091 1679 Demosthene
1127 1617 1232 1680 autem
1271 1635 1342 1679 cum

109 1705 293 1771 varietatem
332 1703 538 1784 componendi
569 1703 704 1767 maxime
736 1701 945 1782 admiremur,
981 1704 1013 1768 iu
1046 1704 1192 1786 epistulis
1224 1705 1341 1769 nostris

110 1794 273 1861 varietatis
304 1793 411 1875 inopia
442 1792 644 1867 offendimur,
677 1810 771 1874 quarn
803 1793 1004 1877 neglegentia
1034 1794 1092 1859 illa
1124 1794 1281 1859 scribendi
1309 1794 1343 1859 in

110 1884 257 1969 epistulis
287 1882 442 1965 permissa
466 1882 610 1947 omnibus
634 1882 713 1946 locis
739 1901 885 1948 excusare
909 1883 959 1947 vix
981 1884 1166 1967 poterimus.
1213 1882 1343 1949 Videbi-

109 1994 181 2040 mus
219 1975 325 2038 autem
361 1972 567 2054 epistularum
603 1974 764 2036 auctorem
798 1972 957 2037 interdum
992 1993 1063 2038 cnm
1097 1973 1344 2039 Demosthenica

109 2066 232 2130 ratione
257 2062 415 2128 scribendi
439 2061 604 2127 convenire
629 2061 679 2126 vel
703 2081 773 2126 eam
788 2062 918 2142 imitari,
936 2063 1062 2145 saepius
1080 2063 1177 2128 etiam
1193 2081 1211 2128 a
1228 2063 1343 2128 summi

111 2153 244 2220 oratoris
270 2153 336 2217 arte
360 2152 454 2235 longe
479 2151 606 2218 distare.

219 2242 346 2325 Optime
373 2242 605 2307 Demosthenes
636 2240 793 2305 infinitivo
825 2240 991 2307 coniuncto
1023 2260 1094 2305 cum
1126 2242 1260 2307 articulo
1291 2243 1345 2324 qui

111 2336 241 2399 vocatur
257 2351 434 2398 sermonem
452 2332 562 2398 variat.
609 2330 834 2395 Demonstrare
851 2332 957 2395 antem
973 2333 1104 2395 conatus
1123 2334 1172 2396 est
1188 2330 1343 2417 Siggius1)

111 2424 359 2490 Demosthenem
386 2421 555 2504 paullatim
578 2422 679 2486 artem
699 2418 946 2486 adhibendorum
961 2420 1189 2487 infinitivorum
1205 2422 1251 2488 ita
1273 2441 1346 2506 per·

110 2515 241 2592 fecisse,
272 2516 308 2578 ut
340 2532 376 2577 ea
402 2512 585 2593 omnesqui
611 2513 703 2575 antea
727 2512 817 2576 erant
840 2512 979 2576 oratores
1004 2514 1177 2593 superaret.
1224 2513 1343 2576 Tamen

111 2607 143 2670 in
170 2603 316 2687 epistulis
342 2602 527 2684 saepissime
552 2600 679 2682 quidem
703 2600 754 2665 hic
773 2601 948 2664 infinitivus
966 2603 1144 2682 usurpatur,
1160 2600 1344 2685 plerumque

113 2697 219 2761 autern
249 2711 304 2774 pro
330 2691 470 2756 subiecto
496 2691 527 2754 et
551 2690 672 2755 obiecto
698 2690 780 2773 quod
805 2690 921 2755 dicitur
943 2691 1137 2757 nominativo
1162 2693 1194 2755 et
1218 2709 1345 2756 accusa·
1390 2728 1392 2732 ,

111 2787 178 2851 tivo
210 2802 302 2859 easu3
333 2780 380 2845 ita
404 2801 450 2864 ep.
475 2779 515 2850 ΙΙ.
545 2783 571 2855 1,
596 2781 626 2857 8,
652 2780 702 2858 15,
730 2782 779 2857 11,
812 2799 859 2863 ep.
884 2780 942 2859 ΙΙΙ,
966 2782 996 2860 8,
1020 2782 1050 2860 9,
1078 2783 1127 2859 13,
1155 2781 1194 2844 19
1218 2779 1278 2857 bis,
1302 2781 1343 2845 27

111 2875 296 2956 quinquies,
327 2873 372 2936 40
402 2873 467 2947 ter,
499 2870 543 2933 44
565 2869 632 2945 bis,
665 2889 712 2950 ep.
737 2870 761 2948 Ι,
785 2871 816 2948 4,
841 2871 871 2947 5,
898 2871 948 2950 12,
973 2890 1020 2953 ep.
1045 2870 1100 2947 IV,
1126 2872 1154 2948 l,
1179 2889 1226 2951 ep.
1251 2868 1289 2947 V,
1312 2869 1344 2937 5.

112 2963 296 3028 Genitivum
320 2961 497 3026 invenimus
523 2977 570 3039 ep.
595 2958 652 3036 ΙΙΙ,
671 2958 711 3022 15
736 2957 833 3024 οὐδὲν
856 2959 1063 3046 ἀθλιώτερον
1086 2958 1178 3025 ’ἐσται
1200 2966 1261 3023 τοῦ
1283 2961 1345 3044 την

111 3053 199 3140 ὑπὲρ
223 3053 328 3140 δήμου
351 3056 445 3135 τάξιν
468 3048 648 3134 αἱρεῖσθαι,
675 3047 692 3128 ἓ
718 3049 759 3111 36
785 3057 845 3113 τοῦ
869 3085 911 3094 -
935 3047 1191 3134 ἐγκαταλείπειν,
1218 3066 1266 3129 ep.
1290 3047 1345 3126 IV,

113 3146 132 3209 2
156 3151 218 3208 τοῦ
242 3142 479 3224 αἰσχύνεσθαι,·
503 3135 628 3201 dativus
652 3136 770 3218 legitur
793 3156 840 3219 ep.
865 3138 907 3218 ΙΙ,
926 3140 968 3202 14
991 3144 1037 3223 aqi
1053 3146 1185 3223 πρῶτος
1199 3136 1344 3218 εἰσιέναι,

112 3237 130 3319 ξ
156 3235 200 3298 23
224 3239 270 3318 τῷ
294 3269 335 3278 —-
361 3231 563 3317 ἐψηφίσθαι,
590 3243 636 3307 ep.
661 3225 685 3304 Ι,
706 3227 745 3290 12
770 3233 818 3312 τῷ
843 3263 883 3273 -
907 3233 1105 3314 χρησασθαι,
1131 3227 1149 3310 ἓ
1176 3228 1216 3293 13
1240 3232 1288 3312 τῷ
1307 3261 1345 3272 --

112 3328 313 3409 κατορθοῦν,
341 3339 388 3402 ep.
413 3320 467 3399 IV,
492 3320 512 3384 8
537 3317 586 3383 bis
611 3314 651 3380 οὐ
673 3320 779 3397 μόνον
802 3323 849 3402 τῷ
871 3320 915 3404 μη
940 3317 1186 3382 δεδουλευκέναι
1199 3353 1249 3398 -‚
1264 3315 1348 3380 ἀλλὰ

112 3415 168 3478 καὶ
192 3418 239 3497 τῷ
263 3447 302 3458 -
328 3411 444 3491 δοκέον,
470 3410 488 3492 ξ
515 3408 554 3472 11
580 3411 626 3490 τῷ
650 3405 843 3492 διηγεῖσθαι,
892 3408 936 3471 Dr
961 3406 1246 3488 praepositionibus
1269 3423 1347 3487 pen·

114 3503 168 3567 det
200 3501 375 3566 infinitivus
399 3499 449 3564 his
478 3498 573 3563 locis:
605 3514 652 3577 ep.
676 3495 725 3573 ΙΙ,
752 3495 792 3561 15
817 3495 863 3572 εἰς
886 3496 920 3561 δὲ
944 3497 980 3560 τὸ
1004 3496 1131 3578 μᾶλλον
1153 3497 1345 3574 λυπεῖσθαι,

115 3613 163 3675 ep.
196 3592 262 3670 ΙΙΙ,
294 3591 314 3656 5
346 3590 431 3676 πρὸς
461 3589 498 3652 τὸ
530 3591 665 3671 πέμψαι
696 3587 756 3672 την
787 3584 984 3673 έπιστολην,
1019 3588 1038 3666 ὅ
1063 3586 1084 3650 6
1108 3584 1144 3652 έν
1174 3591 1220 3670 ιη’)
1244 3594 1349 3672 φῆσαι

114 3691 333 3767 Λυκοῦργον,
367 3679 385 3762 ἓ
411 3682 428 3745 7
462 3679 536 3764 ἰίχρι
565 3676 628 3757 μὲν
651 3683 711 3740 τοῦ
735 3675 833 3761 δῆλον
856 3674 936 3758 ὑμῖν
960 3679 1112 3761 ποιῆσαι,
1146 3676 1164 3758 ἓ
1192 3674 1231 3738 15
1254 3677 1349 3759 μέχρι

116 3780 176 3838 τοῦ
208 3773 375 3857 παρόντος
396 3772 557 3855 χρῆσθαι,
591 3764 675 3847 §29
700 3763 745 3840 εἰς
768 3764 805 3828 τὸ
830 3765 1083 3845 πολιτεύεσθαι,
1118 3783 1164 3845 ep.
1188 3764 1213 3841 I,
1237 3763 1257 3826 3
1282 3762 1349 3848 πρὸ

116 3871 177 3928 τοῦ
202 3869 388 3946 περιμεῖναι
411 3862 551 3940 μαθεῖν,
578 3873 626 3935 ep.
652 3852 689 3928 V,
715 3853 734 3916 2
758 3853 807 3916 bis
831 3855 930 3940 χωρὶς
952 3862 1012 3918 τοῦ
1035 3853 1147 3935 μέλειν
1168 3876 1225 3935 μοι
1249 3889 1289 3897 -
1315 3849 1350 3916 tx

116 3960 177 4016 τοῦ
209 3950 486 4035 πεπλησιακέναι,
520 3944 590 4027 Μ
620 3941 654 4008 έκ
679 3943 713 4007 δὲ
736 3951 796 4006 τοῦ
820 3943 1065 4025 συμβουλεύειν.
1114 3940 1218 4006 Semel
1242 3940 1350 4019 etiam,

118 4039 201 4122 qnod
231 4037 290 4103 hoc
320 4038 389 4102 loco
422 4035 552 4112 addam,
583 4032 662 4097 hene
693 4030 754 4095 toti
786 4033 948 4097 enuntiato
976 4031 1128 4097 articulus
1152 4030 1350 4112 praepositus

118 4132 177 4208 est,
202 4147 249 4210 ep.
273 4127 338 4207 ΙΙΙ,
365 4129 405 4193 12
436 4126 473 4191 τὸ
504 4129 606 4189 τίνων
629 4123 683 4185 καί
706 4125 793 4197 τίνες
816 4120 899 4186 εἰσὶν
922 4119 1077 4204 ἐξετάσας
1085 4173 1091 4202 ,
1124 4120 1157 4184 id
1181 4119 1264 4202 quod
1286 4119 1352 4184 De-

118 4309 332 4319 ———-——

230 4416 252 4476 l)
274 4413 306 4476 In
326 4411 414 4464 annal.
433 4411 498 4482 phil.
519 4408 606 4479 suppl.
625 4405 671 4475 VI,
690 4422 716 4476 p.
737 4407 799 4459 429.
