3175 4925
606 342 766 443 *pe-

180 539 295 607 Contra
310 539 502 624 praepositio
520 537 577 607 ἐπί
593 539 789 607 desideratur
812 538 845 603 in
862 538 955 604 verbo
973 537 1056 620 quod
1073 539 1122 603 est
1134 534 1299 621 ἐπιτιμᾶν,

86 631 157 714 quod
179 632 298 697 duobus
322 631 400 695 locis
426 650 496 695 curn
521 630 638 714 duplici
659 630 765 695 dativo
792 631 824 693 et
849 631 916 693 eius
941 629 995 710 qui
1018 628 1176 710 vituperat
1200 630 1232 692 et
1247 628 1301 709 rei,

84 724 310 803 propterquam
333 721 447 801 aliquis
473 720 676 802 vituperatur,
700 721 842 785 iunctum
867 719 924 794 est,
949 738 997 801 cp.
1021 718 1120 797 11,19
1145 716 1303 801 ἐπιτιμᾶν

85 810 153 893 ύμῖν
175 836 207 876 τι
231 815 447 897 πειρωμένων
470 816 509 898 τῇ
521 805 590 873 κατ’
607 809 662 892 ἐμὲ
675 809 791 895 ἀγνοίᾳ
804 811 836 873 61
848 828 896 890 ep.
911 809 968 886 HI,
993 811 1008 873 l
1023 808 1158 873 πολλῶν
1170 807 1303 873 ἀκούειν

86 900 304 984 ἐπιτιμώντων
328 898 407 983 ύμῖν
431 912 499 976 τοῖς
515 899 573 980 (sic
589 905 622 981 Σ,
643 899 726 982 vulg.
744 898 801 964 ἐπὶ
818 904 897 975 τοῖς)
916 900 991 981 περί
1009 898 1086 974 τούς
1101 901 1302 984 Λυκούργου

87 990 195 1067 παῖδας
217 994 430 1075 γιγνομένοις.
478 990 685 1071 Exspectatur
707 990 812 1053 autem
828 988 1018 1071 praepositio
1036 986 1093 1052 ἐπί
1108 1006 1179 1051 eum
1196 986 1301 1051 dativo

85 1079 246 1147 coniuncta.
294 1079 367 1143 Alia
401 1078 592 1161 praepositio
617 1080 767 1161 usurpata
791 1079 841 1141 est
864 1097 911 1159 ep.
936 1077 977 1156 ll,
1003 1079 1053 1155 11,
1077 1076 1131 1140 111
1154 1076 1303 1159 leguntur

84 1168 166 1233 haee:
200 1170 258 1233 τὸν
290 1162 341 1233 ἐπ’
375 1168 487 1253 εὐνοίᾳ
518 1169 594 1253 περὶ
625 1163 673 1232 ὧν
705 1169 746 1233 ἀν
777 1166 914 1254 ἀγνοῆτε
939 1166 1186 1253 ἓπιτιμήοοντοι.
1232 1165 1302 1229 Hoc

84 1258 142 1323 loco
166 1253 216 1323 ἐπ’
242 1257 355 1344 εὐνοίᾳ
380 1276 522 1336 oausam,
547 1259 585 1322 ob
611 1276 703 1339 quam
729 1256 843 1337 aliquis
868 1256 990 1337 aliquos
1015 1255 1229 1337 reprehendit,
1251 1255 1302 1320 in·

85 1347 175 1426 dieat,
199 1367 268 1411 curn
292 1366 401 1426 causa,
424 1349 551 1429 propter
575 1366 669 1429 quam
693 1347 808 1427 aliquis
833 1346 1055 1428 vituperandus
1081 1347 1146 1424 est,
1170 1364 1302 1427 praepo-

84 1437 188 1502 sitione
212 1442 382 1525 ramicum
406 1436 545 1519 genitivo
572 1437 770 1517 exprimatur.
819 1434 950 1517 Saepius
975 1434 1131 1516 ἐπιτιμᾶν
1155 1460 1236 1515 τινι,
1269 1434 1303 1499 11

85 1529 209 1591 osteum
227 1527 333 1591 dativo
350 1545 511 1607 personae,
529 1526 611 1607 apud
627 1524 875 1590 Demosthenem
892 1525 1059 1602 invenitur,
1076 1543 1176 1606 neque
1195 1525 1302 1588 tamen

84 1616 176 1680 ullum
206 1617 309 1681 locum
337 1615 460 1695 inveni,
493 1615 544 1698 qui
570 1635 641 1680 eum
665 1621 771 1680 nostro
797 1615 969 1697 comparari
993 1615 1112 1697 possit,
1145 1613 1302 1695 quoniam,

84 1708 224 1785 quantum
248 1706 323 1784 vidi,
347 1724 518 1788 numquam
543 1724 637 1769 causa
661 1704 766 1787 aliqua
790 1705 1030 1786 vituperationis
1056 1704 1163 1768 addita
1187 1705 1245 1771 est.

180 1800 276 1877 κατά,
311 1815 357 1877 ep.
390 1796 422 1873 Ι,
457 1796 498 1860 16
530 1796 612 1859 κατὰ
643 1803 711 1861 τιῖιν
739 1799 935 1881 νικᾳτιγρίων
958 1796 1086 1859 ἀποοιν
1110 1792 1222 1869 αὐτοῖς
1244 1792 1301 1877 (se.

85 1884 152 1968 diis)
176 1884 363 1968 εὐξάμενοι,
397 1902 475 1965 quae
500 1884 594 1948 verba
618 1903 689 1948 cum
712 1884 841 1948 Reiskio
865 1903 926 1948 non
951 1884 1044 1947 aliter
1068 1902 1162 1964 quam
1184 1882 1230 1946 ita
1252 1883 1302 1945 in-

82 1974 251 2057 tellegenda
282 1975 373 2037 sunt:
406 1975 446 2037 eh
478 1978 646 2060 νικητήρια
669 1977 791 2039 θύσειν
815 1972 996 2055 εὐξάμενοι,
1045 1971 1190 2037 Similem
1211 1989 1302 2054 prae-

83 2065 237 2143 positionis
269 2068 352 2128 κοτά
384 2082 476 2126 usum
508 2063 588 2146 apud
613 2064 860 2127 Demosthenem
893 2062 1010 2127 frustra
1038 2081 1179 2144 quaeres.
1226 2062 1302 2126 Plu·

83 2154 198 2217 tarchus
230 2153 355 2235 quidem
388 2153 443 2221 vit.
468 2153 561 2217 Marii
593 2171 659 2233 cap.
686 2154 727 2218 26
760 2151 909 2216 similiter
940 2152 1051 2216 scribit
1081 2151 1203 2239 ᾳάξοτο
1235 2164 1303 2228 τοῖς

83 2248 168 2320 θεοῖς
189 2245 272 2308 κατὰ
296 2242 483 2329 ἑκατόμβης.
533 2240 772 2306 substantivum
796 2241 877 2305 illud
902 2242 985 2323 quod
1009 2243 1058 2305 681
1078 2243 1118 2305 τὰ
1134 2245 1302 2327 νικητήρια

84 2333 172 2397 semel
196 2352 237 2400 or.
257 2334 353 2412 51,17
378 2331 531 2414 legimus:
558 2330 670 2418 ὥσπερ
696 2334 772 2418 περὶ
795 2333 926 2417 δωρεᾶς,
952 2328 1023 2395 ἀλλ’
1047 2330 1087 2395 οὐ
1111 2331 1188 2417 περὶ
1211 2354 1302 2417 νικᾳ-

83 2428 195 2510 τᾳρίων
218 2431 286 2488 τιῖιν
309 2422 416 2507 λόγων
440 2422 556 2487 ύντων.

180 2516 280 2600 παρά,
307 2531 353 2594 ep.
379 2511 473 2590 111,ss
499 2508 681 2576 ἐπιστεύετ’
707 2510 798 2596 αὐτῷ
821 2515 874 2576 καὶ
898 2511 1073 2596 δημοτικὸν
1098 2512 1189 2597 παρὰ
1213 2514 1301 2574 πάν-

82 2625 134 2677 τιις
155 2603 296 2689 ἡγεῖσθε.
344 2601 406 2666 Hie
430 2619 552 2684 quoque
575 2601 818 2683 praepositionis
841 2605 932 2688 παρά
948 2620 1024 2665 usus
1042 2619 1060 2664 a
1077 2599 1301 2664 Demosthenis

81 2691 194 2756 ratione
226 2690 349 2756 dicendi
379 2690 473 2771 plane
505 2689 626 2754 alienus
659 2692 717 2758 est.
765 2692 972 2773 Exspectatur
996 2689 1207 2772 superlativus
1231 2708 1302 2752 curn

84 2780 214 2860 genitivo
240 2784 380 2846 πάντων
404 2780 598 2846 coniunctus.
646 2780 725 2844 Cum
749 2799 820 2844 vero
846 2781 1056 2864 superlativus
1081 2778 1227 2844 adiectivi
1245 2779 1301 2864 dq-

80 2875 202 2948 μοτικάς
231 2889 292 2935 uon
324 2872 490 2951 usurpetur
516 2906 555 2914 —-
581 2870 814 2951 comparativus
847 2871 928 2952 apud
959 2871 1102 2952 Lysiam,
1134 2867 1301 2950 Polybium

80 2957 228 3024 iuvenitur
251 2995 310 3037 -,
342 2959 423 3022 illud
454 2959 630 3045 δημοτικὸν
654 2961 745 3045 πικρά
770 2963 900 3036 πάντας
923 2962 1032 3024 auctor
1055 2958 1209 3040 epistulae
1233 2957 1302 3038 ipse

81 3047 136 3110 sibi
158 3049 314 3116 formavit.
823 3090 826 3095 -

179 3139 243 3225 πρὸ
268 3146 327 3203 τοῦ
353 3137 451 3201 semel
475 3156 522 3219 ep.
549 3137 572 3214 Ι,
598 3139 617 3201 8
641 3137 789 3220 legitque,
813 3138 928 3224 pqueut
952 3146 1020 3203 τιῖιν
1043 3139 1084 3200 τά
1109 3137 1174 3222 πρὸ
1191 3144 1250 3200 τού
1267 3160 1301 3221 γε

81 3225 258 3292 δοκούντων
287 3231 537 3313 οονιγγωνίοθαι
560 3239 629 3302 τοῖς
651 3231 881 3313 κοθεοτᾳκύοι.
929 3227 1016 3290 Haec
1042 3226 1175 3290 formula
1197 3227 1246 3288 161
1270 3226 1301 3288 in

81 3313 293 3382 Demosthenis
327 3316 520 3381 orationibus
553 3317 703 3394 occurrit,
736 3316 767 3380 et
799 3318 989 3396 ο1.20,130
1021 3326 1087 3392 πᾶς
1110 3315 1128 3379 1
1153 3314 1218 3400 πρὸ
1242 3323 1302 3378 τοῦ

81 3409 188 3488 χρόνος
210 3409 366 3492 γεγονώς,
393 3408 424 3470 61
449 3424 491 3472 or.
518 3407 636 3484 23,203
661 3409 682 3470 o
706 3405 771 3492 πρὸ
796 3415 856 3471 τοῦ
879 3402 988 3492 μεγάλ’
1015 3402 1055 3493 ἦν
1080 3407 1112 3468 61
1134 3424 1178 3472 61.
1202 3404 1302 3482 (1114

81 3501 141 3558 τίῖιν
165 3495 254 3581 αὐτῷ
279 3496 344 3578 πρὸ
369 3504 428 3560 τοῦ
452 3495 560 3582 φίλων
584 3496 700 3560 ὄνειον.

177 3589 248 3650 οὐν.
297 3585 386 3649 Hanc
417 3584 682 3665 praepositionem
716 3584 765 3649 bis
796 3585 828 3648 in
861 3585 997 3667 epistula
1026 3585 1128 3666 prima
1154 3583 1302 3665 legimus,

82 3673 109 3734 61
136 3675 152 3756 §
183 3677 203 3739 3
235 3673 279 3750 ὡς
311 3675 374 3739 οὐν
403 3680 497 3749 θεοῖς
527 3673 680 3761 εἰρῆσθαι
712 3677 743 3738 61
767 3675 784 3756 ἓ
813 3675 853 3737 12
878 3675 941 3740 οὐν
965 3674 1071 3760 πολλῆ
1095 3673 1226 3759 σπονδῇ
1248 3674 1302 3736 καὶ

82 3765 174 3847 πάνιμ.
222 3763 311 3842 Quod
343 3762 469 3844 quidem
501 3782 572 3827 cunr
595 3763 821 3828 Demosthenis
853 3783 912 3827 usu
941 3764 1034 3827 huius
1058 3762 1300 3844 praepositionis

81 3851 199 3916 minime
224 3852 376 3935 congruit,
402 3853 515 3933 quippe
540 3870 618 3933 quae
643 3855 678 3916 ut
703 3852 784 3934 apud
809 3855 929 3918 eeteros
954 3855 1093 3917 oratores
1118 3851 1234 3916 atticos
1255 3850 1302 3915 ita

80 3936 107 4000 in
128 3941 350 4007 Demosthenis
383 3942 576 4006 orationibus
608 3941 767 4005 rarissime
799 3943 981 4024 reperiatur.
1029 3941 1166 4006 Maxime
1194 3943 1301 4005 autem

81 4029 383 4126 animadvertendum
415 4033 465 4095 est
487 4030 736 4095 Demosthenem
767 4035 831 4097 οὐν
863 4031 1093 4114 praepositione
1116 4031 1300 4112 plerumque

80 4135 107 4178 vn
127 4120 165 4184 iis
189 4121 399 4199 orationibus,
432 4139 509 4201 quas
532 4119 651 4201 primas
676 4120 870 4202 composuit,
895 4140 987 4184 usum
1011 4139 1097 4195 esse;
1129 4121 1175 4184 ita
1199 4120 1231 4183 in
1256 4138 1299 4186 or.

80 4205 115 4270 21
139 4211 254 4289 series,
286 4211 303 4292 ἓ
330 4211 388 4290 23,
413 4211 473 4288 31,
497 4211 556 4288 35,
581 4210 641 4286 38,
665 4210 725 4288 hd,
750 4212 807 4287 61,
833 4212 864 4274 61
888 4211 986 4274 semel
1010 4229 1054 4278 or.
1080 4211 1176 4287 28,13
1201 4211 1232 4272 et
1256 4227 1299 4274 or.

80 4293 184 4376 31,11;
208 4302 369 4382 praeterea
393 4319 455 4363 non
479 4299 581 4363 exstat
605 4297 666 4362 nisi
691 4318 733 4366 or.
763 4299 889 4378 19,155.
936 4299 1058 4364 Deinde
1082 4302 1146 4364 οὐν
1168 4316 1301 4380 praepo·

80 4383 145 4450 sitio
174 4390 206 4454 in
239 4389 287 4453 his
320 4389 367 4453 vel
400 4409 462 4452 non
494 4387 638 4471 genuinis
672 4387 721 4452 vel
752 4388 858 4452 dubiis
882 4389 1076 4454 orationibus
1100 4387 1218 4451 tradita
1242 4388 1299 4455 est.
