3175 4925
849 274 869 339 8

240 477 404 551 τοιούτοις
426 467 529 560 ήτταν
551 472 655 561 καλήν
677 473 732 537 καὶ
752 471 1033 587 προσήκουσαν’
1015 497 1079 560 εφη
1108 478 1203 561 νλκην
1227 476 1319 561 παρὰ
1342 486 1412 551 τοῖς
1434 470 1475 541 εύ

242 572 406 653 φρονοῦσι
427 587 466 650 κρ
468 566 603 627 λνεσέλαι
618 562 767 648 λέγων,““
750 585 791 649 ην
807 566 933 647 γονέων
949 562 1030 639 υιεῖς
1045 562 1217 650 ἡττῶνται,
1236 565 1322 629 licut
1339 564 1476 630 πολῖται

242 662 469 741 συγχωροῦσιν
486 650 645 739 ἀλλήλοις.
692 650 781 715 Idam
796 650 887 715 Arist
888 652 956 716 ides
969 650 993 738 1)
1010 671 1083 717 cum
1097 653 1132 717 in
1146 662 1273 735 τεχνῶν
1292 653 1475 757 ῥητορικῶν

241 744 322 809 libro
345 743 374 807 Α
398 741 540 823 exempla
564 741 748 823 quaedam,
750 743 887 853 ,βορήτη
890 742 955 818 τος(
960 742 1143 855 ‘explicet
1158 742 1243 808 huuc
1257 742 1371 808 tertiae
1389 745 1475 825 epis-

241 833 328 899 tulae
353 833 383 915 (ᾗ
407 832 463 909 42)
486 831 593 896 locum
616 831 791 913 vituperat:
824 855 869 907 ως
899 829 965 912 ἔχει
990 833 1045 896 καὶ
1068 830 1143 897 ‘cd’
1129 855 1166 897 εν
1190 844 1262 909 ταῖς
1283 831 1476 910 ἐπιστολαῖς

243 922 294 1005 „ei
324 922 359 988 δέ
390 922 428 986 τὸ
459 922 642 1033 περιφανὲς
673 919 800 1004 ἀξίωμα
831 929 888 1009 τής
917 920 1038 1008 βσυλής
1066 921 1086 1008 ή
1116 921 1177 987 τὸν
1205 921 1333 1009 Ἀρειον
1364 927 1475 1009 πάγον

243 1012 479 1124 προσβλέπετε,
505 1020 563 1097 τής
580 1007 760 1097 Αριστογελ
761 1033 858 1087 τονος
879 1034 918 1097 κρ
920 1015 1016 1088 λσεως
1038 1009 1125 1094 ἀναμ
1171 1016 1311 1089 σθέντες
1337 1010 1474 1127 έγκοιλή-

242 1106 378 1216 adunate
404 1099 444 1166 ού
466 1102 527 1213 γὰρ
547 1098 610 1182 έχω
627 1103 814 1186 πραότερον
830 1103 1057 1187 πρόσφθεγμα
1072 1111 1141 1177 τοῖς
1156 1101 1458 1189 εξημαρτηκόσιν’
1428 1127 1476 1179 εις

242 1190 298 1275 ἐμὲ
322 1189 426 1255 αύτὸν
449 1188 566 1255 εἰπεῖνι
571 1189 771 1271 ‘paulloque
802 1188 884 1253 infra
913 1189 997 1254 hunc
1027 1190 1141 1255 tertiae
1174 1190 1330 1272 epistulae
1361 1191 1391 1273 (ᾖ
1415 1190 1475 1275 37)

242 1282 363 1359 locum:
393 1281 448 1344 κοιλ
479 1304 513 1343 αι
544 1278 755 1391 διαπορήσεις
785 1278 877 1344 δὲ(
844 1304 878 1343 οιι
901 1276 938 1344 έν
961 1291 1031 1356 τοῖς
1053 1280 1281 1363 σχετλιασμοῖς
1306 1284 1475 1395 βαρύτητα

242 1369 392 1452 έχουσιν
418 1368 530 1454 ὥσπερ
554 1366 591 1434 ἐν
613 1379 685 1446 ταῖς
707 1362 965 1449 ἐπιστολαῖς,
933 1394 978 1451 ,,ιο
1000 1374 1033 1433 τλ
1020 1368 1149 1435 λ’δν
1121 1370 1227 1435 ειπδιν
1241 1374 1323 1458 μήτε
1339 1369 1476 1457 ἆμρτεῖν

244 1460 333 1525 δοκολ
321 1464 375 1547 λην
398 1462 479 1546 μήτε
502 1462 629 1543 ψευσαλ
628 1482 705 1545 μην,
728 1458 761 1522 λ
748 1462 804 1523 αν
827 1456 878 1523 δλλ
866 1458 1010 1545 λ“.γωροι

350 1548 470 1614 Eodem
492 1547 586 1613 modo
601 1547 819 1630 Hermogenes
839 1548 1017 1629 complures
1032 1548 1120 1613 locos
1141 1549 1296 1614 secundae
1312 1551 1345 1615 et
1360 1549 1475 1614 tertiae

244 1638 416 1721 epistulae,
447 1639 519 1720 pert
520 1638 564 1701 im
596 1636 722 1702 eosdem
754 1655 832 1718 quos
860 1637 1035 1717 Aristides,
1066 1638 1276 1758 reprehendit
1321 1638 1366 1704 lis
1390 1639 1476 1704 onim

243 1729 276 1793 in
300 1728 392 1807 libro,
417 1746 509 1810 quem
535 1729 611 1858 περ)
634 1726 731 1793 ἰδεῶν
755 1726 893 1808 scripsit,
918 1728 1150 1841 ,τραχύτητος
1154 1728 1339 1811 ‘exemplis
1362 1728 1475 1797 utitur

238 1818 386 1903 ¹Primum
409 1818 468 1882 hou
493 1814 598 1902 συλλ)
623 1813 779 1882 ”Eunones
809 1821 926 1882 τοίνυν
955 1816 1018 1882 εἰσι
1048 1828 1195 1904 τραχεῖαι
1218 1827 1325 1883 πᾶσαι
1350 1844 1385 1883 αι
1407 1827 1476 1884 τῶν

242 1911 405 1993 μειζόνων
429 1908 623 2021 προσώπων
647 1904 738 1971 έπιτλ
737 1928 838 2018 μησιν
862 1904 995 1987 ’έχουσαι
1015 1905 1084 1972 ἀπό
1100 1931 1191 1984 τινος
1204 1932 1273 1973 των
1289 1906 1476 1973 ἐλαττόνων

244 1999 439 2085 προσώπων
469 1993 809 2109 ἀπαρακαλύπτως
790 2020 836 2072 ως
858 1996 896 2059 τδ
920 1995 1034 2083 ,,εἲπερ
1059 1997 1118 2062 τὸν
1142 1995 1361 2109 έγκλφαλον’
1347 2021 1385 2063 εν
1408 2009 1477 2074 τοῖς

242 2090 422 2174 κροτάφοις
451 2087 506 2151 καὶ
535 2088 579 2173 μή
610 2083 647 2151 ἐν
678 2096 750 2161 ταῖς
781 2089 939 2171 πτέρναις
967 2091 1291 2173 καταπεπατημένον
1321 2088 1474 2174 φορεῖτε(

244 2174 301 2262 (z.-
325 2176 511 2254 (06111).οσ
536 2174 623 2258 l,45)
644 2176 698 2239 καλ
722 2174 759 2239 τὸ
784 2173 890 2255 „ulau
911 2175 1144 2343 μανδραγόραν
1168 2180 1363 2242 πεπωκόσιν
1393 2178 1413 2263 ή
1444 2201 1477 2241 τι

244 2270 420 2354 φάρμακον
439 2264 518 2330 ἄλλο
535 2273 689 2330 τοιοῦτον
705 2227 858 2346 εολκόιμεν
877 2262 1130 2351 ἀνθρώποιςιέ(
1131 2262 1310 2380 --(0ου].)
1327 2284 1370 2332 or.
1390 2267 1475 2343 106)

242 2356 298 2421 καὶ
329 2355 431 2421 πάλιν
466 2352 502 2420 ἐν
533 2366 605 2430 ταῖς
635 2352 863 2437 έπιστολαῖς,
868 2352 907 2436 ,εἰ
937 2353 972 2419 δὲ
1002 2354 1040 2419 τὸ
1064 2355 1248 2441 περιφανὲς
1270 2354 1363 2439 δξλωγ
1363 2381 1396 2419 ια
1350 2365 1478 2443 γτής

242 2444 344 2533 βουλή
346 2469 363 2522 ς
385 2463 484 2527 usque
516 2443 555 2509 ad
586 2442 846 2530 έγκολύφασθε“
871 2448 927 2522 (z
957 2463 1005 2526 ep.
1036 2444 1092 2524 ΙΙΙ,
1115 2445 1181 2523 42).
1228 2445 1342 2511 Totum
1371 2444 1476 2510 locum

244 2535 386 2618 apposui,
411 2535 493 2600 unde
516 2533 739 2617 intellegatur,
772 2553 833 2616 quo
863 2552 969 2598 rerum
998 2536 1073 2598 cont
1074 2536 1146 2599 extu
1177 2534 1316 2616 epistula
1339 2553 1476 2600 commo·

243 2627 399 2700 moretum
431 2643 505 2689 nam
538 2623 618 2688 alter
649 2623 737 2688 locus
769 2625 937 2706 sumptus
947 2624 996 2688 est
1029 2643 1065 2688 ex
1089 2623 1225 2707 septima
1249 2624 1389 2690 orations
1411 2625 1476 2689 De-

244 2713 451 2793 mosthenica,
476 2715 525 2792 cui
549 2715 626 2800 περὶ
648 2708 851 2800 Ἁλοννήσου
874 2713 1068 2793 inscribitur,
1092 2732 1171 2795 qnae
1190 2716 1297 2779 tamen
1314 2716 1397 2779 certe
1414 2733 1476 2779 non

245 2803 559 2882 estDemosthenis,
593 2802 649 2868 sed
679 2802 870 2885 Hegesippi;
901 2803 982 2868 alter
1012 2822 1049 2867 ex
1081 2802 1203 2868 decima
1234 2804 1375 2869 oratioue
1406 2804 1477 2886 ipsa

245 2912 367 2977 quoque
400 2894 507 2977 spuria
537 2892 633 2979 (κατὰ
669 2892 747 2956 moal
735 2896 846 2956 λππου
876 2893 1038 2980 τετάρτη).
1084 2892 1197 2958 Paullo
1233 2893 1315 2958 infra
1347 2913 1378 2975 p
1411 2893 1475 2958 235

244 2983 442 3066 reperiuntur
465 2983 558 3048 haec·
583 2980 658 3047 ἐπει
679 2982 733 3046 καλ
756 2990 865 3064 τούτο,
892 2985 909 3047 δ
932 2983 987 3046 καὶ
1009 2980 1128 3048 αύτό’
1114 3003 1206 3048 εστιν
1229 2981 1266 3048 έν
1286 2981 1477 3059 ἐπιστολαῖς

245 3075 304 3157 ,,τὸ
321 3075 381 3161 γὰρ
399 3099 445 3159 τφ
464 3076 603 3159 τοιούτῳ
620 3079 741 3137 τοῦτον
755 3078 937 3159 κεχρῆσθαι
959 3072 1019 3138 τὸν
1042 3070 1207 3158 τρόπον’
1193 3074 1265 3155 εμοι
1287 3072 1350 3155 μὲν
1372 3066 1474 3138 ost
1438 3097 1475 3137 ευ

245 3125 302 3229 δῖδ
322 3163 372 3228 ότι
387 3165 543 3251 συμφορὰ
560 3167 660 3250 φανε
660 3187 689 3249 η
703 3165 777 3226 κακλ
778 3187 799 3226 α
765 3161 851 3227 λδδ
868 3160 982 3243 ούδεμλ
983 3186 1003 3225 α
1006 3160 1168 3247 ,ὑμετέρα
1184 3161 1219 3226 δὲ
1234 3160 1474 3248 δγνωμοσύνη“

245 3251 302 3338 (::
326 3271 374 3334 ep.
398 3252 439 3332 II,
465 3254 506 3330 8),
536 3252 639 3340 τραχύ
669 3256 731 3334 μέν
762 3249 834 3316 έστι
863 3259 903 3339 τῇ
933 3249 1054 3337 έννολη,
1074 3250 1300 3360 μεθοδευδὲν
1330 3251 1422 3317 δὲ
1389 3251 1475 3317 ούτω

244 3343 299 3407 καὶ
330 3303 524 3425 capaicores
556 3349 602 3427 τῷ
633 3342 700 3428 πρὸ
731 3339 835 3406 αύτου
866 3365 901 3406 τε
931 3341 986 3404 καὶ
1016 3333 1084 3423 μετ’
1110 3338 1192 3404 αύτδ
1216 3340 1380 3448 λειότερόν
1404 3363 1477 3417 πως

244 3436 366 3518 γέγονε·
383 3457 424 3496 κα
426 3436 490 3496 λτοι
504 3432 611 3496 καὶτὸ
628 3428 870 3516 επαγόμενον”
853 3454 919 3512 εχει
934 3454 966 3494 τι
981 3432 1190 3517 τραχύτητος,
1209 3427 1279 3495 έστι
1302 3430 1383 3495 δὲ
1352 3454 1390 3495 το
1414 3433 1476 3518 ,,ήν

245 3546 293 3635 τφ
311 3545 524 3634 μεταγνωναι
546 3521 688 3585 λύσατε“
715 3523 771 3600 (Ξ
796 3538 844 3600 ep.
868 3519 909 3599 ΙΙ,
933 3519 965 3600 8)
988 3521 1043 3584 καὶ
1064 3521 1132 3606 μην
1154 3519 1263 3584 aul³
1232 3543 1270 3583 το
1294 3512 1411 3602 ,,ω(τλ
1398 3519 1477 3585 lde

245 3610 351 3677 εἰπὼν
382 3605 462 3699 μήθ
495 3610 664 3718 ἁμαρτεῖν
683 3609 773 3674 δοκολ
761 3613 816 3696 λην
830 3611 927 3721 μήτε
957 3621 1070 3722 φευσα
1072 3608 1228 3720 λ,·μην)λ
1230 3612 1285 3674 λαν
1315 3607 1474 3696 δλλγωροι,

246 3699 322 3766 odite
346 3724 424 3777 τους
446 3700 566 3778 ἄλλους
589 3693 664 3765 ούθ
690 3697 776 3781 ὑμᾶς
798 3695 921 3774 αύτούς
943 3695 1193 3780 αισχύνεσδε,’
1180 3691 1231 3785 σφ’
1258 3695 1307 3774 οἷς
1327 3694 1476 3785 Αριστο-

244 3795 378 3960 titt
400 3789 557 3946 {titii
578 3785 1321 3965 ffii⁰³l0⁰i³e2³ii⁰ii³uit³elimiti
1339 3791 1478 3964 )ῗιρλλ·

245 3969 395 4057 λειότητα
426 3971 509 4034 κατὰ
541 3972 602 4057 την
626 3968 833 4055 διαπόρησιν.
866 4002 908 4013 -
940 3970 1095 4054 Σχήματα
1126 3966 1161 4032 δὲ
1183 3969 1304 4053 τραχέα
1334 3967 1478 4051 μάλιστα

245 4083 308 4141 μεν
338 4061 379 4125 τὰ
414 4060 655 4146 προστακτικὰ,
692 4056 764 4123 ολον
799 4067 879 4144 ,,τής
911 4053 1092 4144 Αριστογελ
1092 4079 1189 4132 τονος
1223 4079 1262 4142 κρ
1264 4060 1359 4133 λσεως
1393 4054 1478 4122 δινα-

355 4255 561 4325 umpmu

354 4342 381 4412 2)
401 4341 440 4397 cf.
460 4343 543 4398 Wala.
562 4343 631 4398 rhet.
650 4358 738 4416 graec.
757 4342 809 4407 ΠΙ,
828 4359 854 4412 p.
873 4342 934 4396 233.
