3175 4925
616 320 776 421 23——

87 520 203 597 παῖδας
226 504 294 597 τοῖς
317 519 431 585 ἕνδεκα
446 523 683 601 Μενεσαίχμου
699 519 761 602 μὲν
783 525 1076 608 κατηγορήσαντος,
1093 528 1312 609 γραψαμένου

86 612 118 677 δὲ
142 611 379 696 Θρασυκλέους.
427 610 578 691 Idemque
602 608 683 692 apud
707 608 859 673 Photium
881 610 903 678 l.
927 611 949 678 l.
974 611 1126 675 traditur:
1156 614 1317 678 κατέλιπε

86 702 192 766 δὲκαὶ
215 700 338 777 παῖδας
360 699 394 765 ἐκ
417 701 624 777 Καλλιστοῦς
638 694 816 786 ίἈβρκυνα,
841 707 1058 787 Λυκοῦργον,
1083 706 1311 790 Λυκόφρονα·
1417 710 1420 713 ’

85 794 139 868 οὓς
167 791 222 855 καὶ
252 791 510 877 τελευτήσαντος
531 792 733 878 Λυκούργου
765 789 796 855 οἱ
827 788 1017 875 ἀγνώμονες
1039 788 1214 879 Ἀθηναῖοι
1244 804 1314 870 τοῖς

85 880 194 946 ἕνδεκα
219 880 415 964 κταρέδιυκαν
430 884 668 961 Μενεσαίχμου
691 880 753 962 μὲν
775 884 1068 967 κατηγορήσαντος,
1094 887 1313 968 γραψαμένου

85 971 117 1035 δὲ
141 969 379 1057 Θρασυκλέους.
426 968 630 1033 Ruhnkenius
655 968 783 1051 quidem
799 968 875 1033 hist.
900 970 967 1037 orit.
986 972 1062 1038 orat.
1088 989 1189 1053 graec.
1213 992 1244 1054 p.
1270 973 1311 1037 19
1398 978 1401 982 ’

85 1079 145 1142 seq.
178 1059 222 1137 (iu
255 1058 293 1123 ed
320 1059 394 1127 Rut.
423 1059 515 1141 Lup.)
539 1058 640 1140 priore
674 1059 742 1122 loco
777 1077 833 1139 pro
866 1061 1096 1144 Θρασυκλέους
1126 1061 1221 1125 scribi
1246 1062 1313 1125 vult

83 1150 314 1236 Μοιροκλέους,
340 1168 412 1212 cum
428 1148 461 1211 in
479 1148 615 1230 epistula
633 1148 820 1213 aMoerocle
836 1147 953 1213 liberos
971 1149 1092 1215 vinctos
1106 1169 1175 1214 esse
1187 1152 1313 1233 legatur

84 1244 140 1320 (ep.
164 1238 224 1315 III,
251 1240 308 1302 16:
334 1237 362 1303 εἰ
387 1238 421 1303 δὲ
437 1237 627 1325 Μοιροκλῆς
651 1237 863 1324 ἀποκρίνεται
882 1274 923 1283 -
941 1237 1041 1316 αὐτὸς
1057 1237 1179 1316 αὐτοὺς
1194 1240 1311 1327 δῆσαι).

83 1326 140 1393 Sed
164 1327 203 1396 G.
228 1328 268 1394 H.
293 1326 440 1392 Schaeier
470 1326 655 1392 Ruhnkenio
687 1346 748 1391 non
781 1327 954 1391 assentitur
986 1328 1063 1394 haec
1094 1332 1248 1394 annotans
1273 1330 1312 1394 ad

84 1437 127 1499 op.
151 1418 211 1497 III,
235 1437 264 1499 p.
291 1418 387 1495 1418,
418 1418 476 1481 16:
509 1416 715 1500 „Thrasycles
739 1417 800 1481 fuit
824 1415 840 1481 δ
864 1421 1095 1503 γραψάμενοςε
1128 1420 1312 1493 Moeroclos,

83 1510 116 1571 ut
138 1508 258 1593 ἄρχου,
285 1504 301 1570 ὃ
326 1506 455 1593 δήσας.“
504 1504 645 1585 Quocum
669 1506 766 1571 etiarn
790 1506 890 1571 Meier
914 1508 936 1575 l.
968 1508 988 1571 l.
1020 1529 1050 1590 p.
1075 1509 1118 1573 55
1147 1510 1312 1573 consentit.

82 1598 219 1678 Uterque
242 1595 341 1676 igitur
363 1595 451 1660 locus
476 1595 526 1661 est
550 1614 644 1659 sanus
669 1614 769 1676 neque
800 1596 868 1659 ulla
896 1596 1066 1662 difficultas
1091 1598 1312 1679 relinquintur.

82 1686 227 1751 Ceterum
261 1686 294 1749 in
329 1685 499 1768 Hyperidis
536 1704 657 1767 quoque
693 1685 758 1749 vita
795 1686 841 1769 (in
873 1686 928 1751 vit.
960 1688 989 1751 X
1020 1689 1098 1755 orat.
1129 1708 1159 1769 p.
1186 1689 1249 1753 848
1273 1689 1312 1771 F)

82 1776 221 1858 Lycurgo
244 1774 310 1838 ium
332 1776 456 1839 mortuo
480 1774 729 1841 Demosthenem
753 1778 935 1840 accusatum
963 1795 1033 1841 esse
1056 1777 1209 1842 traditur:
1241 1774 1311 1842 ἀλλ’

82 1864 151 1931 ἐπεὶ
174 1865 350 1951 Λυσικλῆς
378 1865 440 1947 μὲν
463 1866 518 1928 καὶ
540 1872 739 1951 Λυκοῦργος
761 1863 1000 1952 ἐτεθνήκεσαν,
1034 1872 1256 1954 Δημοσθένης
1278 1867 1313 1931 δὲ

82 1953 123 2031 ὡς
153 1956 247 2041 παρὰ
269 1949 438 2041 Ἁρπάλου
469 1954 696 2041 δωροδοκήσας
726 1953 871 2038 ἐκρίνετο
884 1954 915 2032 l).
963 1956 999 2019 In
1036 1957 1173 2038 epistula
1207 1958 1313 2021 autem

81 2045 207 2109 uberius
231 2046 384 2122 narratur,
409 2042 564 2124 quomodo
588 2043 723 2126 Lycurgi
754 2043 847 2108 libori
877 2045 1007 2109 tractati
1036 2046 1109 2113 sint.
1155 2045 1312 2110 Audimus

81 2135 163 2199 enim
187 2152 242 2198 eos
268 2153 330 2197 non
354 2133 447 2198 modo
467 2132 501 2197 in
518 2151 672 2197 carcerem
690 2133 857 2211 coniectos,
882 2134 938 2198 sod
954 2136 1051 2199 otiam
1067 2136 1186 2200 catenis
1203 2154 1313 2200 onera-

80 2226 127 2289 tos
152 2242 241 2297 osse3
267 2222 349 2304 quod
373 2223 498 2304 saepius
523 2224 787 2287 commemoratur
812 2226 875 2305 (ep.
899 2223 957 2302 ΙΙΙ,
983 2226 1167 2303 1,13,16).
1216 2224 1312 2289 Cuius

81 2332 149 2378 vero
172 2312 316 2377 criminis
333 2312 426 2377 liberi
442 2313 581 2377 accusati
600 2313 674 2389 sint,
691 2331 848 2393 nusquam
864 2314 1007 2377 accurate
1024 2313 1148 2383 dicitur.
1196 2313 1313 2379 Secun-

81 2402 153 2468 dum
177 2401 336 2484 epistulae
361 2403 454 2468 verba
478 2402 614 2486 Lycurgi
643 2401 737 2467 liberi
760 2404 935 2485 propterea,
960 2403 1042 2486 quod
1067 2404 1166 2486 aliqui
1189 2406 1313 2486 patrem

81 2494 311 2570 accusaverant,
337 2493 434 2558 vincti
459 2495 533 2557 sunt
557 2490 617 2577 (op.
642 2492 700 2570 III,
726 2495 787 2557 13:
821 2495 897 2580 περὶ
921 2488 969 2559 ὧν
993 2495 1052 2560 τὸυ
1076 2500 1204 2581 πατέρα
1228 2494 1312 2560 αλιι-

82 2588 182 2648 (escol
215 2607 302 2658 τινες
332 2583 410 2658 τοὺς
432 2582 513 2658 υἱεῖς
535 2582 705 2660 δεδέκατε).
752 2584 885 2664 Propter
907 2583 1006 2666 patris
1034 2584 1173 2648 facinora
1195 2584 1313 2649 liberos

82 2673 215 2756 Lycurgi
242 2672 407 2736 damnatos
432 2690 502 2736 esse
526 2671 623 2736 etiam
639 2671 672 2735 in
689 2671 856 2736 Aeschinis
882 2692 960 2753 quae
984 2673 1083 2738 fertur
1097 2675 1160 2738 XII
1177 2675 1314 2755 epistula

82 2762 98 2844 ᾗ
114 2764 153 2827 14
169 2761 324 2827 traditur:
349 2763 404 2826 καὶ
419 2761 522 2826 δεῖται
538 2767 593 2838 (se.
606 2761 852 2847 Demosthenes)
869 2763 976 2839 καλῶς
988 2773 1096 2830 ποιῶν
1110 2768 1314 2850 χαρίσασθαι

82 2853 116 2916 τὸ
153 2857 312 2938 πατρῷον
347 2850 460 2928 αὐτοῖς
506 2851 648 2938 ὄφλημα.
708 2849 753 2919 ef.
790 2851 902 2916 Meteri
952 2872 1063 2920 comm.
1107 2875 1137 2936 p.
1168 2852 1211 2917 55
1247 2871 1312 2933 seq.

81 2941 191 3023 ltaque
217 2941 314 3005 etiam
338 2960 374 3006 ea
397 2940 641 3020 considerantes,
666 2959 745 3023 quae
769 2940 807 3004 de
827 2942 970 3024 Lycurgo
995 2943 1123 3023 eiusque
1147 2941 1256 3006 liboris
1280 2942 1314 3006 in

80 3032 175 3096 tertia
200 3031 337 3112 epistula
367 3031 485 3096 tradita
518 3032 608 3108 snut,
642 3032 725 3094 certe
758 3031 935 3095 statuemus
967 3031 1121 3112 epistulae
1154 3034 1314 3096 auctorem

81 3121 194 3186 harum
217 3139 323 3184 rerum
345 3121 425 3184 bone
450 3138 582 3202 gnarum
604 3120 712 3186 fnisse.

188 3211 356 3275 Praeterea
378 3209 411 3273 in
442 3209 538 3274 tertia
573 3209 708 3291 epistula
739 3208 916 3289 complures
948 3209 1092 3275 homines
1124 3229 1314 3274 commemo-

81 3300 189 3363 rentur
226 3298 257 3384 (ξ
296 3300 346 3377 16,
384 3300 433 3374 19,
471 3299 524 3376 24,
555 3299 607 3376 29,
640 3295 705 3382 31),
745 3316 878 3378 qnorum
908 3299 988 3363 alios
1022 3318 1058 3363 ex
1089 3300 1314 3364 Demosthenis

82 3391 135 3453 aut
159 3388 295 3453 aliorum
322 3390 485 3452 auctorum
512 3387 638 3469 scriptis
666 3388 821 3465 norimus,
856 3387 911 3452 alii
939 3390 1066 3454 omnino
1093 3389 1195 3471 ignoti
1230 3390 1315 3456 sunt.

81 3478 127 3542 De
160 3477 274 3558 quibus
304 3478 382 3542 haec
412 3477 475 3542 fere
508 3478 661 3559 explicere
693 3497 769 3559 opus
803 3496 872 3541 esse
904 3479 1047 3546 arbitror.
1094 3480 1150 3561 llp.
1182 3479 1240 3555 HI,
1274 3481 1314 3542 19

81 3566 317 3631 demonstratur
332 3566 542 3631 Athenienses
560 3567 695 3631 libenter
718 3566 870 3631 beneficia
894 3586 912 3631 a
935 3569 1077 3650 patribus
1102 3569 1172 3633 urbi
1195 3569 1316 3632 tributa

82 3656 119 3719 ad
145 3675 255 3720 eorum
276 3657 393 3722 liberos
418 3656 587 3721 transferre
611 3656 721 3734 solere,
745 3655 777 3720 id
803 3656 886 3738 quod
905 3657 937 3720 in
953 3657 1105 3722 Aristidis
1130 3660 1163 3722 et
1178 3657 1315 3740 Thrasy-

80 3745 149 3808 buli
182 3746 214 3809 et
235 3746 364 3810 Archini
388 3746 497 3810 liberis
521 3745 641 3810 lectum
664 3747 716 3814 sit.
762 3746 881 3810 'damen
912 3747 1049 3829 legimus
1082 3748 1170 3814 Dem.
1196 3766 1239 3814 or.
1273 3747 1316 3810 24

82 3832 168 3916 (hab.
195 3834 310 3917 olymp.
337 3836 442 3913 106A,
468 3854 548 3900 anuo
579 3832 678 3918 eseli
703 3856 729 3903 a.
756 3835 827 3902 Chr.
853 3834 896 3919 n.)
929 3837 947 3918 ἕ
978 3835 1316 3919 reprimendarum

81 3920 237 4010 Ἀρχίνου
268 3925 338 4000 υἱὸς
369 3933 428 3989 τοῦ
462 3925 705 4008 καταλαβόντος
737 3925 852 4012 Φυλὴν
874 3927 928 3989 καὶ
950 3929 1032 4006 μετά
1056 3949 1090 4010 γε
1114 3927 1192 4002 τοὺς
1214 3927 1317 4002 θεοὺς

82 4011 280 4078 αἰτιωτάτου
304 4014 400 4090 ὄντος
423 4024 480 4100 τῆς
502 4014 651 4078 καθόδου
675 4019 720 4098 τῷ
744 4014 834 4101 δήμῳ
858 4015 913 4078 καὶ
935 4014 1017 4078 ἄλλα
1034 4015 1141 4079 ιτολλδι
1156 4017 1210 4080 καὶ
1233 4015 1317 4079 καλὰ

195 4296 218 4366 1)
238 4297 278 4352 ef.
306 4295 427 4352 Olintoni
450 4299 511 4354 fast.
544 4297 614 4354 Hell.
635 4297 717 4354 Oxou.
740 4301 807 4351 1841
834 4299 885 4355 vol.
911 4299 939 4350 Π
957 4316 983 4373 p.
1005 4301 1056 4350 179
1081 4298 1109 4356 iu
1127 4298 1228 4357 tabulis
1254 4298 1317 4354 anni

84 4386 307 4445 wama
