3175 4925
602 328 761 439 A

80 534 334 615 ut,quodantea
358 536 477 604 dehoc
501 537 566 601 viro
596 536 745 615 dixisset,
775 536 861 600 idem
892 536 990 601 etiam
1021 536 1059 600 de
1089 534 1146 600 illo
1178 534 1298 601 diceret

80 625 190 688 mutato
213 627 338 689 tantum
361 626 496 694 nomine.
543 627 650 691 lltiam
665 626 810 690 Blassius
835 625 1136 707 conceditprimam
1156 627 1299 690 nostram

80 714 237 795 epistulam
261 713 372 779 multis
397 715 484 779 vitiis
509 716 668 790 laborare;
694 717 800 779 tamen
825 734 893 779 eam
910 715 1119 781 Demostheni
1140 714 1299 780 vindicare

79 803 118 866 ita
148 803 268 880 studet,
300 806 336 868 ut
368 805 538 887 epistulam
570 805 695 869 omnino
727 824 788 868 nou
821 804 860 868 ad
892 804 986 868 finem
1018 803 1201 886 perductam
1227 823 1297 869 esse

79 891 161 961 dicat.
208 892 269 957 Sed
302 912 337 958 ex
370 896 438 958 tota
469 894 519 959 via
544 897 575 960 et
598 895 736 973 ratione,
769 913 831 975 qua
854 894 931 958 haec
960 894 1098 976 epistula
1121 894 1298 975 composita

79 984 128 1059 est,
151 982 257 1066 colligi
280 1002 374 1064 posse
398 984 533 1048 arbitror
555 984 805 1050 Demosthenem
835 983 966 1048 minime
997 1002 1052 1065 pro
1077 985 1203 1048 auctore
1227 984 1297 1048 eius

77 1070 243 1135 habendum
275 1091 353 1141 esse.
401 1072 438 1136 In
470 1092 505 1138 eo
538 1075 644 1137 autem
673 1073 818 1137 Blassius
851 1092 902 1137 me
933 1073 1030 1137 hahet
1060 1073 1297 1152 assentientem,
1351 1085 1353 1090 '

77 1160 150 1241 quod
172 1161 306 1242 primam
332 1162 501 1243 epistulam
534 1163 572 1227 ab
605 1163 714 1227 eodem
746 1164 872 1227 auctore
896 1164 1079 1244 conceptam
1102 1181 1172 1227 esse
1195 1164 1297 1243 putat,

77 1268 91 1313 a
112 1269 167 1330 quo
192 1251 328 1316 secunda
352 1252 507 1333 tertiaque
532 1253 666 1334 scriptae
691 1254 776 1320 sunt.

169 1339 333 1405 Addamus
363 1360 463 1423 pauca
487 1342 524 1406 de
549 1344 659 1425 quarta
683 1340 830 1423 epistula.
877 1341 961 1405 Nam
985 1340 1121 1406 secunda
1145 1343 1177 1405 et
1199 1340 1297 1406 tertia

76 1430 103 1491 et
122 1429 220 1511 prima
244 1430 382 1512 epistula
405 1452 423 1496 a
446 1432 660 1497 Demosthene
685 1430 874 1496 abiudicatis
905 1430 997 1495 facile
1021 1432 1081 1496 erit
1109 1432 1295 1509 monstrare,

76 1536 158 1598 quam
181 1519 312 1603 indigua
336 1521 505 1585 clarissimi
530 1521 618 1586 illius
643 1521 776 1585 oratoris
801 1520 928 1604 ingenio
953 1523 1064 1603 quarta
1081 1521 1218 1602 epistula
1242 1520 1294 1588 sit.

74 1607 149 1672 Haeo
180 1628 302 1691 quoque
338 1610 375 1677 ad
413 1614 558 1675 senatum
592 1612 804 1692 populumque
827 1610 1071 1675 Atheniensium
1102 1610 1202 1674 missa
1225 1628 1295 1674 esse

74 1696 201 1780 fingitur.
249 1698 310 1763 Sed
342 1718 413 1763 cum
443 1701 508 1764 tues
539 1700 659 1782 primae
692 1700 848 1781 epistulae
880 1719 947 1764 rem
978 1700 1135 1781 aliquam,
1167 1700 1205 1763 de
1235 1718 1296 1781 qua

75 1790 190 1852 senatus
214 1788 420 1870 populusque·
436 1788 599 1854 decernere
624 1789 755 1867 solebat,
779 1791 937 1869 tractent,
971 1793 1082 1870 quarta
1106 1789 1187 1853 nihil
1211 1789 1295 1853 eius·
1366 1834 1371 1856 2

73 1876 149 1940 modi
180 1879 366 1947 continetur.
412 1880 449 1943 fn
485 1898 520 1944 ea
556 1879 640 1943 enim
675 1879 816 1943 convicia
850 1879 1054 1943 Theramenis
1085 1879 1293 1943 Demostheni
1365 1893 1369 1903 ·

73 1963 284 2031 infelicitatem
307 1969 522 2049 exprobrantis
539 1968 585 2033 ita
604 1968 801 2047 refelluntur,
825 1969 861 2032 ut
878 1968 1119 2033 Atheniensium
1136 1968 1295 2033 fortunam

74 2072 134 2119 esse
157 2056 312 2137 optimam
336 2061 523 2139 exponatur,
545 2058 701 2140 pessimos
727 2060 833 2123 autern
857 2076 926 2121 esse
951 2077 1053 2122 mores
1078 2058 1293 2126 Theramenis.

13 2218 14 2221 ¹
73 2140 132 2221 Quo
154 2145 251 2229 igitur
274 2146 341 2211 iure
364 2148 441 2212 haec
465 2148 601 2229 epistula
633 2147 671 2212 ad
704 2149 850 2211 senatum
882 2147 1094 2229 populumque
1127 2147 1214 2212 mitti
1237 2167 1294 2230 po-

72 2233 168 2314 tuerit,
191 2236 285 2317 plane
310 2256 372 2301 non
402 2237 609 2320 intellegitur.
657 2238 706 2314 Ad
738 2239 882 2318 tempus,
915 2256 974 2318 quo
1007 2236 1144 2318 epistula
1176 2237 1294 2319 scripta

73 2321 119 2401 sit,
142 2326 394 2390 constituendum
418 2325 481 2391 fere
514 2326 593 2391 nihil
625 2328 709 2391 inest
739 2329 864 2407 praeter
887 2325 964 2390 haec
988 2328 1100 2405 verba,
1129 2346 1208 2407 quae
1231 2327 1293 2392 De·

13 2463 15 2492 ,
72 2413 260 2481 mosthenem
273 2416 413 2481 exsulem
427 2434 496 2482 esse
509 2416 742 2482 demonstrant:
771 2419 877 2502 τούτῳ
891 2416 953 2499 μὲν
967 2409 1037 2497 οὖν,
1053 2414 1112 2482 ἐὰν
1125 2415 1295 2504 ἀφίκωμαί

13 2501 15 2514 '
73 2525 145 2569 aare
167 2508 221 2571 καὶ
244 2512 347 2571 σωθῶ
373 2508 431 2574 cet.
457 2507 486 2590 (d
513 2508 553 2584 2).
600 2507 683 2572 Item
706 2507 788 2571 inter
813 2506 990 2588 complures
1015 2507 1135 2589 gentes,
1160 2525 1292 2587 quarum

73 2595 147 2657 sorte
169 2595 411 2660 Atheniensium
436 2595 561 2661 fortuna
583 2597 696 2662 melior
720 2596 771 2675 sit,
797 2594 997 2677 Cappadoces
1031 2598 1063 2661 et
1087 2594 1157 2679 Syri
1181 2597 1293 2677 etqui

71 2680 339 2750 fndiamhabitent
348 2687 569 2750 enumerantur
578 2684 660 2769 (§7):
676 2686 759 2768 quod
767 2704 870 2750 nonne
880 2686 920 2749 ad
928 2685 1009 2750 illud
1017 2686 1142 2768 tempus
1152 2686 1292 2766 quadrat,

71 2788 123 2850 quo
139 2774 306 2839 Alexandri
331 2776 414 2858 regis
440 2774 635 2858 expeditione
658 2794 757 2856 usque
781 2774 820 2839 ad
836 2775 963 2840 Indiam
979 2777 1125 2856 suscepta
1141 2776 1293 2840 memoria
1379 2829 1383 2833 .

70 2859 240 2941 ignotorum
282 2864 411 2930 illorum
449 2865 638 2948 populorum
674 2864 819 2946 paullum
858 2867 1008 2930 renouata
1046 2866 1136 2929 erat?
1181 2865 1293 2945 Itaque

71 2952 171 3016 auctor
197 2953 308 3018 harum
339 2973 444 3019 rerum
474 2975 535 3020 non
567 2955 712 3038 ignarum
744 2973 777 3019 se
808 2955 946 3036 praehet.
995 2952 1085 3033 Quod
1115 2956 1221 3018 autem
1253 2955 1293 3018 ad

70 3057 128 3103 rem
161 3043 292 3123 attinet,
328 3044 536 3108 Demostheni
572 3044 757 3125 saepissime
792 3043 1014 3108 infelicitatem
1049 3044 1216 3124 praecipue
1253 3045 1291 3108 ah

69 3128 214 3196 Aeschine
238 3134 394 3197 obiectam
420 3152 489 3198 esse
513 3135 622 3199 notum
647 3134 704 3211 est,
729 3133 812 3214 quod
835 3134 985 3226 prohrum
1003 3132 1234 3198 Demosthenes
1258 3133 1291 3197 in

70 3235 106 3284 or.
130 3219 166 3285 de
190 3241 251 3290 cor
277 3222 349 3292 hah
374 3222 489 3287 reicere
513 3223 628 3291 s.tudet
676 3222 812 3286 lltiam
803 3243 835 3286 rn
854 3217 911 3285 illa
928 3220 1078 3286 Dinarchi
1095 3240 1175 3302 quae
1192 3222 1292 3286 fertur

69 3309 199 3376 orations
225 3311 292 3376 eius
316 3311 486 3376 infelicitas
512 3331 721 3378 commemora
723 3310 837 3396 turfl,
863 3313 923 3376 ll:
949 3310 1063 3376 ὂεῖ-
1087 3313 1131 3398 peip
1154 3313 1201 3394 μὰ
1224 3317 1291 3376 Δία

69 3396 245 3465 thaninim
269 3406 391 3488 χρόνον
415 3426 472 3488 της
494 3407 558 3489 App
560 3407 736 3476 (οσθὲνους
760 3402 957 3488 δωροδοκίας
986 3402 1040 3465 καὶ
1064 3398 1201 3482 ἀτυχίας
1222 3426 1290 3466 κοι-

69 3500 177 3554 νωνεῖν
179 3491 368 3572 ,paullcque
384 3491 483 3556 infra:
508 3492 567 3557 ahc
583 3491 629 3567 εἰς
645 3493 703 3567 τὰς
719 3489 940 3566 δεινοτάτας’
923 3495 1019 3572 ατυχὶ
1020 3514 1059 3567 ας
1073 3488 1291 3578 ἐμβεβληκότα

68 3597 122 3661 epa
144 3580 263 3658 πόλιν).
311 3580 348 3647 G.
372 3580 412 3648 H
439 3579 586 3645 Schaefer
609 3580 733 3662 quidem
759 3582 901 3644 nostram
925 3581 1009 3662 epist
995 3580 1098 3644 tufam
1121 3581 1291 3663 genuinam

68 3680 130 3728 esse
162 3667 289 3737 iudicat.
340 3669 422 3734 Dicit
457 3669 542 3734 enim
575 3669 669 3734 haec:
706 3668 817 3748 „Quod
850 3671 1000 3751 prohrum
1034 3669 1112 3734 haec
1152 3670 1291 3752 epistula

67 3756 184 3835 repellit
206 3758 351 3824 facundia
375 3777 449 3823 sane
465 3759 582 3824 Demos
584 3759 741 3824 theuica.“
789 3758 851 3823 Sed
876 3758 1047 3836 videamus,
1072 3759 1125 3838 qui
1149 3760 1207 3825 hoc
1223 3760 1288 3827 fiat.

66 3840 199 3912 Primum
214 3848 293 3913 dicit
310 3847 510 3914 auctdecsor
527 3849 613 3931 ipsos
629 3848 740 3912 testari
744 3867 864 3930 ,quam
881 3849 963 3912 hona
981 3849 1064 3913 sorte
1080 3849 1290 3913 Athenienses

66 3929 214 4000 fruantur:
247 3939 280 4002 in
312 3957 372 4019 quo
404 3939 509 4003 locum
542 3957 578 4002 er
602 3938 743 4004 oratione
776 3937 815 4002 de
839 3956 901 4007 cor.
926 3937 998 4005 hah.
1022 3938 1057 4000 in
1082 3955 1174 4001 suum
1197 3957 1290 4002 usum

67 4028 184 4090 convert
185 4027 220 4092 it.
268 4026 421 4109 Compara
448 4028 531 4093 enirn
554 4027 649 4097 haec:

292 4137 338 4199 ep.
362 4119 417 4198 IV,
442 4119 462 4182 3
974 4135 1017 4184 cr.
1045 4117 1094 4195 18,
1098 4116 1162 4180 253

66 4196 121 4283 e'ym
142 4208 200 4293 τὴν
224 4207 324 4272 πόλιν
347 4211 407 4295 τὴν
423 4213 457 4290 alp
444 4212 585 4293 ,((ετέραν
604 4231 700 4272 evav—
724 4204 811 4320 {yda
846 4209 906 4294 τὴν
942 4229 998 4293 της
1028 4205 1158 4281 πόλεως
1186 4208 1289 4314 τύχην

66 4297 217 4402 χεστάτην
241 4305 362 4362 πασῶν
385 4298 518 4363 πόλεων
548 4295 701 4379 υπολαμ-
748 4295 881 4383 ἀγαθὴν
912 4296 1069 4383 ipseipse,
1102 4296 1156 4359 καὶ
1187 4289 1284 4358 ταῦθ’

64 4382 155 4456 lidum
152 4386 214 4449 καὶ
231 4386 507 4474 θεοφιλεστάτην,
526 4387 579 4450 καὶ
597 4394 701 4450 ταῦτα
748 4384 813 4469 ὃρω
831 4387 886 4449 καὶ
910 4385 969 4450 τὸν
992 4389 1058 4449 Δία
1084 4385 1143 4449 τὸν
1166 4384 1288 4448 Δωδω-
