<?xml version="1.0" encoding="UTF-8"?>
<!DOCTYPE html PUBLIC "-//W3C//DTD XHTML 1.0 Transitional//EN"
    "http://www.w3.org/TR/xhtml1/DTD/xhtml1-transitional.dtd">
<html xmlns="http://www.w3.org/1999/xhtml" xml:lang="en" lang="en">
 <head>
  <title>
</title>
<meta http-equiv="Content-Type" content="text/html;charset=utf-8" />
  <meta name='ocr-system' content='tesseract 3.04.00' />
  <meta name='ocr-capabilities' content='ocr_page ocr_carea ocr_par ocr_line ocrx_word'/>
</head>
<body>
  <div class='ocr_page' id='page_1' title='image "./dedemosthenicar01neupgoog_0028.png"; bbox 0 0 3175 4925; ppageno 0'>
   <div class='ocr_carea' id='block_1_1' title="bbox 836 306 880 375">
    <p class='ocr_par' dir='ltr' id='par_1_1' title="bbox 836 306 880 375">
     <span class='ocr_line' id='line_1_1' title="bbox 836 306 880 375; baseline -0.045 0"><span class='ocrx_word' id='word_1_1' title='bbox 836 306 880 375; x_wconf 82' lang='grc'>24</span> 
     </span>
    </p>
   </div>
   <div class='ocr_carea' id='block_1_2' title="bbox 238 505 1473 777">
    <p class='ocr_par' dir='ltr' id='par_1_2' title="bbox 238 505 1473 777">
     <span class='ocr_line' id='line_1_2' title="bbox 241 505 1473 598; baseline 0.001 -24"><span class='ocrx_word' id='word_1_2' title='bbox 241 509 526 593; x_wconf 81' lang='grc' dir='ltr'><strong><em>πεπολιτευμένου</em></strong></span> <span class='ocrx_word' id='word_1_3' title='bbox 548 511 603 577; x_wconf 84' lang='grc' dir='ltr'>καὶ</span> <span class='ocrx_word' id='word_1_4' title='bbox 626 508 903 598; x_wconf 77' lang='grc' dir='ltr'><strong><em>ἐστρατηγηκότος</em></strong></span> <span class='ocrx_word' id='word_1_5' title='bbox 926 507 1095 585; x_wconf 80' lang='grc' dir='ltr'><strong><em>πολλάκις)</em></strong></span> <span class='ocrx_word' id='word_1_6' title='bbox 1119 505 1153 571; x_wconf 87' lang='lat' dir='ltr'>in</span> <span class='ocrx_word' id='word_1_7' title='bbox 1176 526 1298 574; x_wconf 85' lang='lat' dir='ltr'>carcere</span> <span class='ocrx_word' id='word_1_8' title='bbox 1316 508 1413 575; x_wconf 87' lang='lat' dir='ltr'>fuisse</span> <span class='ocrx_word' id='word_1_9' title='bbox 1439 510 1473 575; x_wconf 86' lang='lat' dir='ltr'>et</span> 
     </span>
     <span class='ocr_line' id='line_1_3' title="bbox 241 595 1472 687; baseline 0.001 -23"><span class='ocrx_word' id='word_1_10' title='bbox 241 598 330 669; x_wconf 89' lang='lat' dir='ltr'>Dem.</span> <span class='ocrx_word' id='word_1_11' title='bbox 356 619 399 668; x_wconf 88' lang='lat' dir='ltr'>or.</span> <span class='ocrx_word' id='word_1_12' title='bbox 426 601 465 666; x_wconf 88' lang='grc'>19</span> <span class='ocrx_word' id='word_1_13' title='bbox 498 600 583 687; x_wconf 89' lang='lat' dir='ltr'>(hab.</span> <span class='ocrx_word' id='word_1_14' title='bbox 616 600 731 684; x_wconf 85' lang='lat' dir='ltr'><strong>olymp.</strong></span> <span class='ocrx_word' id='word_1_15' title='bbox 766 600 839 677; x_wconf 87' lang='lat'>109,</span> <span class='ocrx_word' id='word_1_16' title='bbox 864 601 893 679; x_wconf 77' lang='lat'>2,</span> <span class='ocrx_word' id='word_1_17' title='bbox 918 617 998 664; x_wconf 89' lang='lat' dir='ltr'>anno</span> <span class='ocrx_word' id='word_1_18' title='bbox 1022 617 1051 666; x_wconf 92' lang='lat' dir='ltr'>a.</span> <span class='ocrx_word' id='word_1_19' title='bbox 1075 595 1148 666; x_wconf 81' lang='lat' dir='ltr'>Chr.</span> <span class='ocrx_word' id='word_1_20' title='bbox 1171 618 1202 664; x_wconf 90' lang='lat' dir='ltr'>n.</span> <span class='ocrx_word' id='word_1_21' title='bbox 1226 595 1338 684; x_wconf 79' lang='lat' dir='ltr'>343s2)</span> <span class='ocrx_word' id='word_1_22' title='bbox 1363 601 1381 683; x_wconf 61' lang='grc' dir='ltr'><strong>ἕ</strong></span> <span class='ocrx_word' id='word_1_23' title='bbox 1406 600 1472 665; x_wconf 81' lang='lat'>280</span> 
     </span>
     <span class='ocr_line' id='line_1_4' title="bbox 238 684 1470 777; baseline 0 -22"><span class='ocrx_word' id='word_1_24' title='bbox 238 690 316 755; x_wconf 85' lang='lat' dir='ltr'>haee</span> <span class='ocrx_word' id='word_1_25' title='bbox 328 689 512 755; x_wconf 84' lang='lat' dir='ltr'>truduntur:</span> <span class='ocrx_word' id='word_1_26' title='bbox 529 697 562 757; x_wconf 76' lang='lat' dir='ltr'>cl</span> <span class='ocrx_word' id='word_1_27' title='bbox 574 684 643 772; x_wconf 79' lang='grc' dir='ltr'>οὖν,</span> <span class='ocrx_word' id='word_1_28' title='bbox 655 684 680 755; x_wconf 78' lang='grc' dir='ltr'><em>ὦ</em></span> <span class='ocrx_word' id='word_1_29' title='bbox 690 686 998 777; x_wconf 68' lang='grc' dir='ltr'><strong><em>ύνύρεςᾌθηναῖοι,</em></strong></span> <span class='ocrx_word' id='word_1_30' title='bbox 1009 690 1138 752; x_wconf 89' lang='grc' dir='ltr'><strong><em>τούτων</em></strong></span> <span class='ocrx_word' id='word_1_31' title='bbox 1154 688 1260 765; x_wconf 82' lang='grc' dir='ltr'><strong><em>ούτως</em></strong></span> <span class='ocrx_word' id='word_1_32' title='bbox 1274 687 1420 770; x_wconf 80' lang='grc' dir='ltr'><strong><em>ἐχόντων</em></strong></span> <span class='ocrx_word' id='word_1_33' title='bbox 1429 726 1470 735; x_wconf 85' lang='grc'>-</span> 
     </span>
    </p>
   </div>
   <div class='ocr_carea' id='block_1_3' title="bbox 193 778 1480 4176">
    <p class='ocr_par' dir='ltr' id='par_1_3' title="bbox 239 778 1474 2296">
     <span class='ocr_line' id='line_1_5' title="bbox 239 778 1471 869; baseline -0.002 -24"><span class='ocrx_word' id='word_1_34' title='bbox 239 778 436 863; x_wconf 76' lang='grc' dir='ltr'><strong><em>ὑπομενεῖτε</em></strong></span> <span class='ocrx_word' id='word_1_35' title='bbox 451 817 497 826; x_wconf 91' lang='grc'>-</span> <span class='ocrx_word' id='word_1_36' title='bbox 514 780 751 869; x_wconf 75' lang='grc' dir='ltr'><strong><em>Θρασύβουλον</em></strong></span> <span class='ocrx_word' id='word_1_37' title='bbox 764 778 891 844; x_wconf 82' lang='grc' dir='ltr'><strong><em>ἐκεῖνον</em></strong></span> <span class='ocrx_word' id='word_1_38' title='bbox 914 778 974 843; x_wconf 90' lang='grc' dir='ltr'>τὸν</span> <span class='ocrx_word' id='word_1_39' title='bbox 998 778 1237 863; x_wconf 75' lang='grc' dir='ltr'><strong><em>Θρασυβούλου</em></strong></span> <span class='ocrx_word' id='word_1_40' title='bbox 1254 787 1314 843; x_wconf 84' lang='grc' dir='ltr'>τοῦ</span> <span class='ocrx_word' id='word_1_41' title='bbox 1338 780 1471 867; x_wconf 79' lang='grc' dir='ltr'><strong><em>δημοτι-</em></strong></span> 
     </span>
     <span class='ocr_line' id='line_1_6' title="bbox 239 866 1472 957; baseline 0 -24"><span class='ocrx_word' id='word_1_42' title='bbox 239 878 299 933; x_wconf 86' lang='grc' dir='ltr'>κού</span> <span class='ocrx_word' id='word_1_43' title='bbox 335 878 394 934; x_wconf 85' lang='grc' dir='ltr'>τοῦ</span> <span class='ocrx_word' id='word_1_44' title='bbox 428 868 497 935; x_wconf 83' lang='grc' dir='ltr'>ἀπὸ</span> <span class='ocrx_word' id='word_1_45' title='bbox 534 870 645 957; x_wconf 77' lang='grc' dir='ltr'><strong><em>Φυλῆς</em></strong></span> <span class='ocrx_word' id='word_1_46' title='bbox 682 872 926 954; x_wconf 79' lang='grc' dir='ltr'><strong><em>καταγαγόντος</em></strong></span> <span class='ocrx_word' id='word_1_47' title='bbox 963 866 1023 932; x_wconf 88' lang='grc' dir='ltr'>τὸν</span> <span class='ocrx_word' id='word_1_48' title='bbox 1057 866 1177 953; x_wconf 77' lang='grc' dir='ltr'><strong><em>δῆμον,</em></strong></span> <span class='ocrx_word' id='word_1_49' title='bbox 1214 868 1360 934; x_wconf 86' lang='grc' dir='ltr'><strong><em>τάλαντα</em></strong></span> <span class='ocrx_word' id='word_1_50' title='bbox 1395 870 1472 933; x_wconf 78' lang='grc' dir='ltr'><strong><em>δέκα</em></strong></span> 
     </span>
     <span class='ocr_line' id='line_1_7' title="bbox 240 955 1473 1046; baseline -0.001 -24"><span class='ocrx_word' id='word_1_51' title='bbox 240 957 446 1046; x_wconf 78' lang='grc' dir='ltr'><strong><em>ιίιιγληκέναι;</em></strong></span> <span class='ocrx_word' id='word_1_52' title='bbox 477 960 537 1023; x_wconf 91' lang='lat' dir='ltr'>His</span> <span class='ocrx_word' id='word_1_53' title='bbox 565 959 664 1041; x_wconf 90' lang='lat' dir='ltr'>igitur</span> <span class='ocrx_word' id='word_1_54' title='bbox 686 958 765 1023; x_wconf 90' lang='lat' dir='ltr'>loeis</span> <span class='ocrx_word' id='word_1_55' title='bbox 790 976 862 1022; x_wconf 88' lang='lat' dir='ltr'>vere</span> <span class='ocrx_word' id='word_1_56' title='bbox 884 955 1140 1022; x_wconf 87' lang='lat' dir='ltr'>Demosthenieis</span> <span class='ocrx_word' id='word_1_57' title='bbox 1163 957 1257 1039; x_wconf 86' lang='lat' dir='ltr'>plane</span> <span class='ocrx_word' id='word_1_58' title='bbox 1280 958 1473 1023; x_wconf 90' lang='lat' dir='ltr'>contrarium</span> 
     </span>
     <span class='ocr_line' id='line_1_8' title="bbox 240 1045 1473 1134; baseline 0.001 -23"><span class='ocrx_word' id='word_1_59' title='bbox 240 1047 355 1113; x_wconf 90' lang='lat' dir='ltr'>dicitur</span> <span class='ocrx_word' id='word_1_60' title='bbox 379 1049 455 1134; x_wconf 90' lang='lat' dir='ltr'>eius,</span> <span class='ocrx_word' id='word_1_61' title='bbox 480 1048 562 1130; x_wconf 91' lang='lat' dir='ltr'>quod</span> <span class='ocrx_word' id='word_1_62' title='bbox 585 1048 619 1112; x_wconf 95' lang='lat' dir='ltr'>in</span> <span class='ocrx_word' id='word_1_63' title='bbox 643 1048 751 1113; x_wconf 88' lang='lat' dir='ltr'>nostra</span> <span class='ocrx_word' id='word_1_64' title='bbox 768 1047 905 1130; x_wconf 75' lang='lat' dir='ltr'>epistula</span> <span class='ocrx_word' id='word_1_65' title='bbox 928 1046 1063 1130; x_wconf 78' lang='lat' dir='ltr'>legitur3</span> <span class='ocrx_word' id='word_1_66' title='bbox 1088 1064 1149 1127; x_wconf 88' lang='lat' dir='ltr'>qua</span> <span class='ocrx_word' id='word_1_67' title='bbox 1165 1045 1204 1111; x_wconf 95' lang='lat' dir='ltr'>de</span> <span class='ocrx_word' id='word_1_68' title='bbox 1220 1066 1253 1111; x_wconf 91' lang='lat' dir='ltr'>re</span> <span class='ocrx_word' id='word_1_69' title='bbox 1268 1048 1306 1116; x_wconf 81' lang='lat' dir='ltr'>A.</span> <span class='ocrx_word' id='word_1_70' title='bbox 1325 1046 1473 1113; x_wconf 86' lang='lat' dir='ltr'>Schaeler</span> 
     </span>
     <span class='ocr_line' id='line_1_9' title="bbox 239 1135 1473 1221; baseline -0.002 -19"><span class='ocrx_word' id='word_1_71' title='bbox 239 1137 272 1202; x_wconf 92' lang='lat' dir='ltr'>in</span> <span class='ocrx_word' id='word_1_72' title='bbox 297 1137 401 1205; x_wconf 86' lang='lat' dir='ltr'>annal.</span> <span class='ocrx_word' id='word_1_73' title='bbox 425 1138 577 1221; x_wconf 82' lang='lat' dir='ltr'><strong>philolog.</strong></span> <span class='ocrx_word' id='word_1_74' title='bbox 604 1138 667 1203; x_wconf 86' lang='lat'>115</span> <span class='ocrx_word' id='word_1_75' title='bbox 692 1139 804 1215; x_wconf 79' lang='grc'><strong>(1811)</strong></span> <span class='ocrx_word' id='word_1_76' title='bbox 827 1158 857 1218; x_wconf 89' lang='lat' dir='ltr'>p.</span> <span class='ocrx_word' id='word_1_77' title='bbox 877 1138 941 1201; x_wconf 86' lang='grc'>164</span> <span class='ocrx_word' id='word_1_78' title='bbox 963 1136 1048 1200; x_wconf 89' lang='lat' dir='ltr'>recte</span> <span class='ocrx_word' id='word_1_79' title='bbox 1070 1136 1148 1201; x_wconf 85' lang='lat' dir='ltr'>haec</span> <span class='ocrx_word' id='word_1_80' title='bbox 1163 1135 1299 1208; x_wconf 86' lang='lat' dir='ltr'>iudicat:</span> <span class='ocrx_word' id='word_1_81' title='bbox 1324 1138 1386 1215; x_wconf 84' lang='lat' dir='ltr'>„Ds</span> <span class='ocrx_word' id='word_1_82' title='bbox 1407 1157 1473 1202; x_wconf 87' lang='lat' dir='ltr'>war</span> 
     </span>
     <span class='ocr_line' id='line_1_10' title="bbox 240 1225 1473 1311; baseline 0.001 -21"><span class='ocrx_word' id='word_1_83' title='bbox 240 1226 337 1293; x_wconf 86' lang='lat' dir='ltr'>daher</span> <span class='ocrx_word' id='word_1_84' title='bbox 360 1226 414 1290; x_wconf 92' lang='lat' dir='ltr'>des</span> <span class='ocrx_word' id='word_1_85' title='bbox 438 1228 601 1311; x_wconf 84' lang='lat' dir='ltr'>Lyhurgos</span> <span class='ocrx_word' id='word_1_86' title='bbox 626 1225 751 1292; x_wconf 85' lang='lat' dir='ltr'>Sohnen</span> <span class='ocrx_word' id='word_1_87' title='bbox 774 1226 849 1291; x_wconf 84' lang='lat' dir='ltr'>noel</span> <span class='ocrx_word' id='word_1_88' title='bbox 874 1225 1018 1309; x_wconf 88' lang='lat' dir='ltr'>gedient,</span> <span class='ocrx_word' id='word_1_89' title='bbox 1049 1243 1139 1289; x_wconf 86' lang='lat' dir='ltr'>wenn</span> <span class='ocrx_word' id='word_1_90' title='bbox 1166 1245 1240 1289; x_wconf 93' lang='lat' dir='ltr'>man</span> <span class='ocrx_word' id='word_1_91' title='bbox 1271 1225 1473 1309; x_wconf 89' lang='lat' dir='ltr'>dergleichen</span> 
     </span>
     <span class='ocr_line' id='line_1_11' title="bbox 239 1314 1471 1401; baseline 0.003 -21"><span class='ocrx_word' id='word_1_92' title='bbox 239 1316 271 1380; x_wconf 91' lang='lat' dir='ltr'>in</span> <span class='ocrx_word' id='word_1_93' title='bbox 295 1317 493 1401; x_wconf 84' lang='lat' dir='ltr'>Erinncrung</span> <span class='ocrx_word' id='word_1_94' title='bbox 523 1317 682 1384; x_wconf 86' lang='lat' dir='ltr'>brachtc.“</span> <span class='ocrx_word' id='word_1_95' title='bbox 727 1316 872 1381; x_wconf 89' lang='lat' dir='ltr'>Blessius</span> <span class='ocrx_word' id='word_1_96' title='bbox 904 1333 976 1379; x_wconf 88' lang='lat' dir='ltr'>vero</span> <span class='ocrx_word' id='word_1_97' title='bbox 1009 1334 1080 1379; x_wconf 92' lang='lat' dir='ltr'>cum</span> <span class='ocrx_word' id='word_1_98' title='bbox 1109 1315 1143 1380; x_wconf 92' lang='lat' dir='ltr'>in</span> <span class='ocrx_word' id='word_1_99' title='bbox 1173 1314 1289 1379; x_wconf 90' lang='lat' dir='ltr'>iisdem</span> <span class='ocrx_word' id='word_1_100' title='bbox 1312 1318 1416 1384; x_wconf 85' lang='lat' dir='ltr'>annal.</span> <span class='ocrx_word' id='word_1_101' title='bbox 1440 1338 1471 1399; x_wconf 88' lang='lat' dir='ltr'>p.</span> 
     </span>
     <span class='ocr_line' id='line_1_12' title="bbox 240 1403 1473 1489; baseline 0.002 -20"><span class='ocrx_word' id='word_1_102' title='bbox 240 1406 304 1470; x_wconf 79' lang='lat'>543</span> <span class='ocrx_word' id='word_1_103' title='bbox 328 1406 470 1489; x_wconf 80' lang='lat' dir='ltr'>longiore</span> <span class='ocrx_word' id='word_1_104' title='bbox 493 1407 645 1488; x_wconf 88' lang='lat' dir='ltr'>temporis</span> <span class='ocrx_word' id='word_1_105' title='bbox 671 1405 783 1488; x_wconf 91' lang='lat' dir='ltr'>spatio,</span> <span class='ocrx_word' id='word_1_106' title='bbox 808 1404 890 1487; x_wconf 90' lang='lat' dir='ltr'>quod</span> <span class='ocrx_word' id='word_1_107' title='bbox 914 1404 987 1469; x_wconf 90' lang='lat' dir='ltr'>inde</span> <span class='ocrx_word' id='word_1_108' title='bbox 1011 1405 1049 1469; x_wconf 91' lang='lat' dir='ltr'>ab</span> <span class='ocrx_word' id='word_1_109' title='bbox 1073 1403 1114 1469; x_wconf 90' lang='lat' dir='ltr'>iis</span> <span class='ocrx_word' id='word_1_110' title='bbox 1138 1405 1239 1482; x_wconf 89' lang='lat' dir='ltr'>annis,</span> <span class='ocrx_word' id='word_1_111' title='bbox 1265 1404 1378 1487; x_wconf 91' lang='lat' dir='ltr'>quibus</span> <span class='ocrx_word' id='word_1_112' title='bbox 1402 1426 1473 1471; x_wconf 86' lang='lat' dir='ltr'>ora-</span> 
     </span>
     <span class='ocr_line' id='line_1_13' title="bbox 239 1492 1473 1578; baseline 0 -18"><span class='ocrx_word' id='word_1_113' title='bbox 239 1496 342 1561; x_wconf 78' lang='lat' dir='ltr'><strong>tiones</strong></span> <span class='ocrx_word' id='word_1_114' title='bbox 373 1496 448 1560; x_wconf 88' lang='lat' dir='ltr'>illae</span> <span class='ocrx_word' id='word_1_115' title='bbox 481 1496 545 1560; x_wconf 92' lang='lat' dir='ltr'>sint</span> <span class='ocrx_word' id='word_1_116' title='bbox 575 1496 719 1574; x_wconf 82' lang='lat' dir='ltr'>habitae,</span> <span class='ocrx_word' id='word_1_117' title='bbox 750 1494 964 1578; x_wconf 88' lang='lat' dir='ltr'>praeterierit,</span> <span class='ocrx_word' id='word_1_118' title='bbox 995 1494 1087 1559; x_wconf 92' lang='lat' dir='ltr'>illam</span> <span class='ocrx_word' id='word_1_119' title='bbox 1118 1492 1328 1559; x_wconf 88' lang='lat' dir='ltr'>differentiam</span> <span class='ocrx_word' id='word_1_120' title='bbox 1357 1496 1473 1560; x_wconf 92' lang='lat' dir='ltr'>tollere</span> 
     </span>
     <span class='ocr_line' id='line_1_14' title="bbox 240 1583 1473 1666; baseline -0.001 -16"><span class='ocrx_word' id='word_1_121' title='bbox 240 1584 367 1650; x_wconf 76' lang='lat' dir='ltr'>studeat</span> <span class='ocrx_word' id='word_1_122' title='bbox 390 1585 476 1650; x_wconf 90' lang='lat' dir='ltr'>hisce</span> <span class='ocrx_word' id='word_1_123' title='bbox 500 1585 603 1650; x_wconf 82' lang='lat' dir='ltr'>serbis</span> <span class='ocrx_word' id='word_1_124' title='bbox 627 1604 721 1650; x_wconf 88' lang='lat' dir='ltr'>usus:</span> <span class='ocrx_word' id='word_1_125' title='bbox 754 1584 851 1663; x_wconf 91' lang='lat' dir='ltr'>„Was</span> <span class='ocrx_word' id='word_1_126' title='bbox 879 1584 997 1648; x_wconf 89' lang='lat' dir='ltr'>konnte</span> <span class='ocrx_word' id='word_1_127' title='bbox 1019 1583 1053 1647; x_wconf 93' lang='lat' dir='ltr'>in</span> <span class='ocrx_word' id='word_1_128' title='bbox 1076 1583 1131 1648; x_wconf 91' lang='lat' dir='ltr'>der</span> <span class='ocrx_word' id='word_1_129' title='bbox 1154 1583 1269 1666; x_wconf 88' lang='lat' dir='ltr'>langen</span> <span class='ocrx_word' id='word_1_130' title='bbox 1293 1584 1473 1649; x_wconf 85' lang='lat' dir='ltr'>Zwisehen-</span> 
     </span>
     <span class='ocr_line' id='line_1_15' title="bbox 240 1672 1473 1758; baseline 0 -19"><span class='ocrx_word' id='word_1_131' title='bbox 240 1676 303 1739; x_wconf 84' lang='lat' dir='ltr'>neit</span> <span class='ocrx_word' id='word_1_132' title='bbox 327 1674 406 1739; x_wconf 89' lang='lat' dir='ltr'>alles</span> <span class='ocrx_word' id='word_1_133' title='bbox 430 1674 606 1758; x_wconf 87' lang='lat' dir='ltr'>geschehen</span> <span class='ocrx_word' id='word_1_134' title='bbox 632 1674 716 1754; x_wconf 90' lang='lat' dir='ltr'>sein,</span> <span class='ocrx_word' id='word_1_135' title='bbox 748 1694 803 1738; x_wconf 93' lang='lat' dir='ltr'>um</span> <span class='ocrx_word' id='word_1_136' title='bbox 835 1673 885 1738; x_wconf 89' lang='lat' dir='ltr'>die</span> <span class='ocrx_word' id='word_1_137' title='bbox 908 1672 1032 1737; x_wconf 82' lang='lat' dir='ltr'>lruhere</span> <span class='ocrx_word' id='word_1_138' title='bbox 1055 1673 1156 1737; x_wconf 77' lang='lat' dir='ltr'>Htrtc</span> <span class='ocrx_word' id='word_1_139' title='bbox 1181 1674 1279 1756; x_wconf 85' lang='lat' dir='ltr'>vollig</span> <span class='ocrx_word' id='word_1_140' title='bbox 1303 1693 1473 1758; x_wconf 87' lang='lat' dir='ltr'>vergesscn</span> 
     </span>
     <span class='ocr_line' id='line_1_16' title="bbox 240 1762 1473 1844; baseline 0 -15"><span class='ocrx_word' id='word_1_141' title='bbox 240 1785 279 1829; x_wconf 86' lang='lat' dir='ltr'>zu</span> <span class='ocrx_word' id='word_1_142' title='bbox 312 1764 497 1840; x_wconf 85' lang='lat' dir='ltr'>machon!“‚</span> <span class='ocrx_word' id='word_1_143' title='bbox 539 1783 606 1828; x_wconf 89' lang='lat' dir='ltr'>rem</span> <span class='ocrx_word' id='word_1_144' title='bbox 640 1784 702 1828; x_wconf 93' lang='lat' dir='ltr'>non</span> <span class='ocrx_word' id='word_1_145' title='bbox 737 1765 817 1828; x_wconf 89' lang='lat' dir='ltr'>benc</span> <span class='ocrx_word' id='word_1_146' title='bbox 855 1762 990 1827; x_wconf 82' lang='lat' dir='ltr'>cessisse</span> <span class='ocrx_word' id='word_1_147' title='bbox 1024 1762 1219 1844; x_wconf 80' lang='lat' dir='ltr'>putaverim3</span> <span class='ocrx_word' id='word_1_148' title='bbox 1254 1782 1329 1827; x_wconf 90' lang='lat' dir='ltr'>nam</span> <span class='ocrx_word' id='word_1_149' title='bbox 1363 1766 1473 1829; x_wconf 86' lang='lat' dir='ltr'>auctor</span> 
     </span>
     <span class='ocr_line' id='line_1_17' title="bbox 241 1851 1473 1936; baseline 0.001 -18"><span class='ocrx_word' id='word_1_150' title='bbox 241 1854 409 1936; x_wconf 85' lang='lat' dir='ltr'>epistulae,</span> <span class='ocrx_word' id='word_1_151' title='bbox 434 1854 497 1934; x_wconf 91' lang='lat' dir='ltr'>qui,</span> <span class='ocrx_word' id='word_1_152' title='bbox 521 1855 556 1917; x_wconf 92' lang='lat' dir='ltr'>ut</span> <span class='ocrx_word' id='word_1_153' title='bbox 581 1854 661 1918; x_wconf 86' lang='lat' dir='ltr'>iufra</span> <span class='ocrx_word' id='word_1_154' title='bbox 684 1853 872 1930; x_wconf 85' lang='lat' dir='ltr'>videbimus,</span> <span class='ocrx_word' id='word_1_155' title='bbox 897 1851 1039 1933; x_wconf 82' lang='lat' dir='ltr'>exempla</span> <span class='ocrx_word' id='word_1_156' title='bbox 1062 1852 1145 1916; x_wconf 91' lang='lat' dir='ltr'>inter</span> <span class='ocrx_word' id='word_1_157' title='bbox 1168 1871 1203 1917; x_wconf 85' lang='lat' dir='ltr'>se</span> <span class='ocrx_word' id='word_1_158' title='bbox 1227 1853 1384 1919; x_wconf 88' lang='lat' dir='ltr'>contraria</span> <span class='ocrx_word' id='word_1_159' title='bbox 1399 1873 1473 1936; x_wconf 90' lang='lat' dir='ltr'>pro-</span> 
     </span>
     <span class='ocr_line' id='line_1_18' title="bbox 239 1941 1472 2024; baseline 0.001 -17"><span class='ocrx_word' id='word_1_160' title='bbox 239 1944 320 2007; x_wconf 85' lang='lat' dir='ltr'>ferre</span> <span class='ocrx_word' id='word_1_161' title='bbox 345 1943 436 2022; x_wconf 92' lang='lat' dir='ltr'>solet,</span> <span class='ocrx_word' id='word_1_162' title='bbox 460 1945 544 2007; x_wconf 90' lang='lat' dir='ltr'>certe</span> <span class='ocrx_word' id='word_1_163' title='bbox 568 1942 880 2008; x_wconf 83' lang='lat' dir='ltr'>commemorauisset</span> <span class='ocrx_word' id='word_1_164' title='bbox 903 1960 956 2006; x_wconf 90' lang='lat' dir='ltr'>eos</span> <span class='ocrx_word' id='word_1_165' title='bbox 981 1942 1064 2007; x_wconf 89' lang='lat' dir='ltr'>viros</span> <span class='ocrx_word' id='word_1_166' title='bbox 1080 1941 1218 2024; x_wconf 90' lang='lat' dir='ltr'>primum</span> <span class='ocrx_word' id='word_1_167' title='bbox 1234 1942 1362 2023; x_wconf 91' lang='lat' dir='ltr'>quidem</span> <span class='ocrx_word' id='word_1_168' title='bbox 1377 1944 1472 2023; x_wconf 88' lang='lat' dir='ltr'>mele,</span> 
     </span>
     <span class='ocr_line' id='line_1_19' title="bbox 241 2030 1474 2113; baseline 0 -16"><span class='ocrx_word' id='word_1_169' title='bbox 241 2032 353 2097; x_wconf 92' lang='lat' dir='ltr'>deinde</span> <span class='ocrx_word' id='word_1_170' title='bbox 385 2051 457 2098; x_wconf 89' lang='lat' dir='ltr'>vcro</span> <span class='ocrx_word' id='word_1_171' title='bbox 489 2034 568 2097; x_wconf 92' lang='lat' dir='ltr'>hene</span> <span class='ocrx_word' id='word_1_172' title='bbox 601 2034 753 2098; x_wconf 88' lang='lat' dir='ltr'>tractatos</span> <span class='ocrx_word' id='word_1_173' title='bbox 786 2050 866 2101; x_wconf 89' lang='lat' dir='ltr'>esee.</span> <span class='ocrx_word' id='word_1_174' title='bbox 912 2030 1115 2113; x_wconf 84' lang='lat' dir='ltr'>Relinquitur</span> <span class='ocrx_word' id='word_1_175' title='bbox 1138 2031 1275 2113; x_wconf 91' lang='lat' dir='ltr'>suspicio</span> <span class='ocrx_word' id='word_1_176' title='bbox 1310 2035 1474 2097; x_wconf 81' lang='lat' dir='ltr'>auctorem</span> 
     </span>
     <span class='ocr_line' id='line_1_20' title="bbox 242 2120 1472 2204; baseline 0.001 -18"><span class='ocrx_word' id='word_1_177' title='bbox 242 2122 396 2204; x_wconf 86' lang='lat' dir='ltr'>epistulae</span> <span class='ocrx_word' id='word_1_178' title='bbox 421 2141 523 2187; x_wconf 86' lang='lat' dir='ltr'>errore</span> <span class='ocrx_word' id='word_1_179' title='bbox 547 2122 684 2203; x_wconf 85' lang='lat' dir='ltr'>quodam</span> <span class='ocrx_word' id='word_1_180' title='bbox 708 2141 753 2201; x_wconf 88' lang='lat' dir='ltr'>ea,</span> <span class='ocrx_word' id='word_1_181' title='bbox 777 2140 857 2204; x_wconf 89' lang='lat' dir='ltr'>quae</span> <span class='ocrx_word' id='word_1_182' title='bbox 880 2122 914 2185; x_wconf 90' lang='lat' dir='ltr'>in</span> <span class='ocrx_word' id='word_1_183' title='bbox 936 2121 1004 2185; x_wconf 88' lang='lat' dir='ltr'>illis</span> <span class='ocrx_word' id='word_1_184' title='bbox 1026 2120 1252 2185; x_wconf 82' lang='lat' dir='ltr'>Demosthenis</span> <span class='ocrx_word' id='word_1_185' title='bbox 1276 2121 1472 2188; x_wconf 87' lang='lat' dir='ltr'>orationibus</span> 
     </span>
     <span class='ocr_line' id='line_1_21' title="bbox 240 2211 1039 2296; baseline -0.003 -20"><span class='ocrx_word' id='word_1_186' title='bbox 240 2212 372 2296; x_wconf 85' lang='lat' dir='ltr'>legerat,</span> <span class='ocrx_word' id='word_1_187' title='bbox 396 2211 429 2275; x_wconf 88' lang='lat' dir='ltr'>iu</span> <span class='ocrx_word' id='word_1_188' title='bbox 453 2213 646 2277; x_wconf 84' lang='lat' dir='ltr'>contrarium</span> <span class='ocrx_word' id='word_1_189' title='bbox 669 2212 881 2280; x_wconf 88' lang='lat' dir='ltr'>convertisse.</span> <span class='ocrx_word' id='word_1_190' title='bbox 1035 2227 1039 2234; x_wconf 88' lang='lat'><em>·</em></span> 
     </span>
    </p>

    <p class='ocr_par' dir='ltr' id='par_1_4' title="bbox 193 2300 1480 4176">
     <span class='ocr_line' id='line_1_22' title="bbox 347 2300 1473 2385; baseline 0.002 -21"><span class='ocrx_word' id='word_1_191' title='bbox 347 2301 469 2365; x_wconf 88' lang='lat' dir='ltr'>Deinde</span> <span class='ocrx_word' id='word_1_192' title='bbox 492 2302 575 2366; x_wconf 91' lang='lat' dir='ltr'>inter</span> <span class='ocrx_word' id='word_1_193' title='bbox 599 2320 669 2381; x_wconf 86' lang='lat' dir='ltr'>eos,</span> <span class='ocrx_word' id='word_1_194' title='bbox 700 2302 753 2383; x_wconf 90' lang='lat' dir='ltr'>qui</span> <span class='ocrx_word' id='word_1_195' title='bbox 785 2301 904 2366; x_wconf 91' lang='lat' dir='ltr'>diutius</span> <span class='ocrx_word' id='word_1_196' title='bbox 935 2319 991 2381; x_wconf 88' lang='lat' dir='ltr'>pro</span> <span class='ocrx_word' id='word_1_197' title='bbox 1014 2300 1135 2365; x_wconf 85' lang='lat' dir='ltr'>civibus</span> <span class='ocrx_word' id='word_1_198' title='bbox 1160 2318 1252 2383; x_wconf 90' lang='lat' dir='ltr'>agere</span> <span class='ocrx_word' id='word_1_199' title='bbox 1274 2302 1376 2367; x_wconf 87' lang='lat' dir='ltr'>morte</span> <span class='ocrx_word' id='word_1_200' title='bbox 1398 2320 1473 2385; x_wconf 93' lang='lat' dir='ltr'>pro-</span> 
     </span>
     <span class='ocr_line' id='line_1_23' title="bbox 240 2389 1473 2472; baseline 0.002 -18"><span class='ocrx_word' id='word_1_201' title='bbox 240 2390 335 2455; x_wconf 89' lang='lat' dir='ltr'>hibiti</span> <span class='ocrx_word' id='word_1_202' title='bbox 367 2390 448 2468; x_wconf 90' lang='lat' dir='ltr'>siut,</span> <span class='ocrx_word' id='word_1_203' title='bbox 479 2389 664 2471; x_wconf 86' lang='lat' dir='ltr'>Nausicles,</span> <span class='ocrx_word' id='word_1_204' title='bbox 696 2390 831 2470; x_wconf 80' lang='lat' dir='ltr'>Chares,</span> <span class='ocrx_word' id='word_1_205' title='bbox 861 2389 1039 2466; x_wconf 86' lang='lat' dir='ltr'>Diotimus‚</span> <span class='ocrx_word' id='word_1_206' title='bbox 1070 2390 1291 2470; x_wconf 87' lang='lat' dir='ltr'>Menestheus,</span> <span class='ocrx_word' id='word_1_207' title='bbox 1314 2389 1473 2472; x_wconf 81' lang='lat' dir='ltr'>Eudoxus,</span> 
     </span>
     <span class='ocr_line' id='line_1_24' title="bbox 239 2480 1474 2565; baseline -0.001 -18"><span class='ocrx_word' id='word_1_208' title='bbox 239 2480 387 2560; x_wconf 77' lang='lat' dir='ltr'>DudicuS,</span> <span class='ocrx_word' id='word_1_209' title='bbox 411 2481 586 2563; x_wconf 68' lang='lat' dir='ltr'>Ephialtes</span> <span class='ocrx_word' id='word_1_210' title='bbox 610 2483 771 2565; x_wconf 84' lang='lat' dir='ltr'>Lyeurgus</span> <span class='ocrx_word' id='word_1_211' title='bbox 788 2482 1011 2545; x_wconf 90' lang='lat' dir='ltr'>enumerantur</span> <span class='ocrx_word' id='word_1_212' title='bbox 1027 2485 1086 2562; x_wconf 89' lang='lat' dir='ltr'>(ep.</span> <span class='ocrx_word' id='word_1_213' title='bbox 1103 2480 1161 2559; x_wconf 89' lang='grc' dir='ltr'>ΙΙΙ,</span> <span class='ocrx_word' id='word_1_214' title='bbox 1178 2481 1244 2558; x_wconf 88' lang='grc'><strong>31).</strong></span> <span class='ocrx_word' id='word_1_215' title='bbox 1291 2482 1474 2546; x_wconf 89' lang='lat' dir='ltr'>Menesthe-</span> 
     </span>
     <span class='ocr_line' id='line_1_25' title="bbox 239 2569 1474 2653; baseline 0.001 -17"><span class='ocrx_word' id='word_1_216' title='bbox 239 2591 294 2637; x_wconf 92' lang='lat' dir='ltr'>um</span> <span class='ocrx_word' id='word_1_217' title='bbox 318 2571 472 2635; x_wconf 91' lang='lat' dir='ltr'>antehoc</span> <span class='ocrx_word' id='word_1_218' title='bbox 495 2572 637 2653; x_wconf 91' lang='lat' dir='ltr'>tempus,</span> <span class='ocrx_word' id='word_1_219' title='bbox 672 2590 734 2652; x_wconf 87' lang='lat' dir='ltr'>quo</span> <span class='ocrx_word' id='word_1_220' title='bbox 774 2570 912 2652; x_wconf 87' lang='lat' dir='ltr'>epistula</span> <span class='ocrx_word' id='word_1_221' title='bbox 947 2569 1064 2652; x_wconf 88' lang='lat' dir='ltr'>scripta</span> <span class='ocrx_word' id='word_1_222' title='bbox 1099 2571 1149 2634; x_wconf 90' lang='lat' dir='ltr'>cst</span> <span class='ocrx_word' id='word_1_223' title='bbox 1184 2572 1239 2635; x_wconf 92' lang='lat' dir='ltr'>aut</span> <span class='ocrx_word' id='word_1_224' title='bbox 1262 2571 1380 2653; x_wconf 87' lang='lat' dir='ltr'>scripta</span> <span class='ocrx_word' id='word_1_225' title='bbox 1404 2591 1474 2638; x_wconf 88' lang='lat' dir='ltr'>esse</span> 
     </span>
     <span class='ocr_line' id='line_1_26' title="bbox 239 2659 1476 2744; baseline -0.001 -19"><span class='ocrx_word' id='word_1_226' title='bbox 239 2660 387 2744; x_wconf 89' lang='lat' dir='ltr'>fingitur,</span> <span class='ocrx_word' id='word_1_227' title='bbox 420 2661 580 2725; x_wconf 89' lang='lat' dir='ltr'>mortuum</span> <span class='ocrx_word' id='word_1_228' title='bbox 614 2679 682 2725; x_wconf 91' lang='lat' dir='ltr'>csse</span> <span class='ocrx_word' id='word_1_229' title='bbox 722 2659 927 2740; x_wconf 70' lang='lat' dir='ltr'>Boeclrhiusl)</span> <span class='ocrx_word' id='word_1_230' title='bbox 959 2659 1125 2724; x_wconf 90' lang='lat' dir='ltr'>confirmat</span> <span class='ocrx_word' id='word_1_231' title='bbox 1155 2659 1280 2725; x_wconf 88' lang='lat' dir='ltr'>dicens:</span> <span class='ocrx_word' id='word_1_232' title='bbox 1313 2661 1370 2739; x_wconf 78' lang='lat' dir='ltr'>„In</span> <span class='ocrx_word' id='word_1_233' title='bbox 1401 2660 1476 2726; x_wconf 89' lang='lat' dir='ltr'>dem</span> 
     </span>
     <span class='ocr_line' id='line_1_27' title="bbox 241 2747 1476 2834; baseline -0.001 -19"><span class='ocrx_word' id='word_1_234' title='bbox 241 2750 359 2815; x_wconf 83' lang='lat' dir='ltr'>dritten</span> <span class='ocrx_word' id='word_1_235' title='bbox 391 2749 701 2833; x_wconf 87' lang='lat' dir='ltr'>untergeschobenen</span> <span class='ocrx_word' id='word_1_236' title='bbox 731 2749 837 2814; x_wconf 91' lang='lat' dir='ltr'>Briefe</span> <span class='ocrx_word' id='word_1_237' title='bbox 869 2748 924 2813; x_wconf 92' lang='lat' dir='ltr'>des</span> <span class='ocrx_word' id='word_1_238' title='bbox 947 2749 1180 2814; x_wconf 88' lang='lat' dir='ltr'>Demosthenes</span> <span class='ocrx_word' id='word_1_239' title='bbox 1204 2747 1247 2834; x_wconf 81' lang='lat' dir='ltr'>(p.</span> <span class='ocrx_word' id='word_1_240' title='bbox 1274 2751 1372 2828; x_wconf 83' lang='grc'><strong>1482)</strong></span> <span class='ocrx_word' id='word_1_241' title='bbox 1396 2751 1476 2815; x_wconf 86' lang='lat' dir='ltr'>wird</span> 
     </span>
     <span class='ocr_line' id='line_1_28' title="bbox 241 2838 1476 2922; baseline -0.001 -17"><span class='ocrx_word' id='word_1_242' title='bbox 241 2839 308 2905; x_wconf 88' lang='lat' dir='ltr'>sein</span> <span class='ocrx_word' id='word_1_243' title='bbox 333 2838 399 2904; x_wconf 83' lang='lat' dir='ltr'>Tod</span> <span class='ocrx_word' id='word_1_244' title='bbox 424 2840 599 2922; x_wconf 82' lang='lat' dir='ltr'>angefdhrt,</span> <span class='ocrx_word' id='word_1_245' title='bbox 623 2839 752 2904; x_wconf 85' lang='lat' dir='ltr'>wonach</span> <span class='ocrx_word' id='word_1_246' title='bbox 775 2839 830 2903; x_wconf 92' lang='lat' dir='ltr'>ihn</span> <span class='ocrx_word' id='word_1_247' title='bbox 855 2839 922 2903; x_wconf 91' lang='lat' dir='ltr'>also</span> <span class='ocrx_word' id='word_1_248' title='bbox 937 2838 1169 2903; x_wconf 88' lang='lat' dir='ltr'>Demosthenes</span> <span class='ocrx_word' id='word_1_249' title='bbox 1192 2839 1366 2908; x_wconf 74' lang='lat' dir='ltr'>uberlebte.</span> <span class='ocrx_word' id='word_1_250' title='bbox 1413 2841 1476 2904; x_wconf 82' lang='lat' dir='ltr'>Zur</span> 
     </span>
     <span class='ocr_line' id='line_1_29' title="bbox 241 2927 1476 3012; baseline 0 -18"><span class='ocrx_word' id='word_1_251' title='bbox 241 2929 310 2994; x_wconf 84' lang='lat' dir='ltr'>Zeit</span> <span class='ocrx_word' id='word_1_252' title='bbox 340 2947 400 2993; x_wconf 85' lang='lat' dir='ltr'>uon</span> <span class='ocrx_word' id='word_1_253' title='bbox 431 2927 487 2997; x_wconf 90' lang='lat' dir='ltr'>Nr.</span> <span class='ocrx_word' id='word_1_254' title='bbox 516 2929 600 3004; x_wconf 87' lang='lat' dir='ltr'>XIV,</span> <span class='ocrx_word' id='word_1_255' title='bbox 632 2929 699 2993; x_wconf 91' lang='lat' dir='ltr'>also</span> <span class='ocrx_word' id='word_1_256' title='bbox 732 2928 856 3012; x_wconf 88' lang='lat' dir='ltr'>Olymp.</span> <span class='ocrx_word' id='word_1_257' title='bbox 892 2929 995 3007; x_wconf 85' lang='grc'>113,4,</span> <span class='ocrx_word' id='word_1_258' title='bbox 1026 2947 1090 2992; x_wconf 85' lang='lat' dir='ltr'>wer</span> <span class='ocrx_word' id='word_1_259' title='bbox 1122 2946 1155 2993; x_wconf 91' lang='lat' dir='ltr'>er</span> <span class='ocrx_word' id='word_1_260' title='bbox 1184 2929 1272 2994; x_wconf 88' lang='lat' dir='ltr'>nicht</span> <span class='ocrx_word' id='word_1_261' title='bbox 1302 2929 1392 2994; x_wconf 92' lang='lat' dir='ltr'>mehr</span> <span class='ocrx_word' id='word_1_262' title='bbox 1422 2949 1476 2994; x_wconf 86' lang='lat' dir='ltr'>am</span> 
     </span>
     <span class='ocr_line' id='line_1_30' title="bbox 241 3017 1476 3101; baseline 0 -17"><span class='ocrx_word' id='word_1_263' title='bbox 241 3019 363 3098; x_wconf 88' lang='lat' dir='ltr'>Lehen,</span> <span class='ocrx_word' id='word_1_264' title='bbox 394 3017 540 3082; x_wconf 88' lang='lat' dir='ltr'>wodurch</span> <span class='ocrx_word' id='word_1_265' title='bbox 573 3017 623 3082; x_wconf 93' lang='lat' dir='ltr'>die</span> <span class='ocrx_word' id='word_1_266' title='bbox 653 3018 785 3101; x_wconf 87' lang='lat' dir='ltr'>Angahe</span> <span class='ocrx_word' id='word_1_267' title='bbox 820 3019 854 3082; x_wconf 95' lang='lat' dir='ltr'>in</span> <span class='ocrx_word' id='word_1_268' title='bbox 888 3017 960 3082; x_wconf 90' lang='lat' dir='ltr'>dem</span> <span class='ocrx_word' id='word_1_269' title='bbox 995 3017 1137 3082; x_wconf 87' lang='lat' dir='ltr'>falsehen</span> <span class='ocrx_word' id='word_1_270' title='bbox 1167 3019 1476 3084; x_wconf 89' lang='lat' dir='ltr'>Demosthenisohen</span> 
     </span>
     <span class='ocr_line' id='line_1_31' title="bbox 241 3107 1477 3191; baseline 0.002 -19"><span class='ocrx_word' id='word_1_271' title='bbox 241 3107 345 3172; x_wconf 86' lang='lat' dir='ltr'>Briefe</span> <span class='ocrx_word' id='word_1_272' title='bbox 368 3107 524 3191; x_wconf 82' lang='lat' dir='ltr'>hestttigt</span> <span class='ocrx_word' id='word_1_273' title='bbox 555 3107 662 3176; x_wconf 88' lang='lat' dir='ltr'>uird.“</span> <span class='ocrx_word' id='word_1_274' title='bbox 709 3108 890 3190; x_wconf 76' lang='lat' dir='ltr'>Ephialtem</span> <span class='ocrx_word' id='word_1_275' title='bbox 921 3108 986 3172; x_wconf 85' lang='lat' dir='ltr'>leto</span> <span class='ocrx_word' id='word_1_276' title='bbox 1017 3107 1088 3172; x_wconf 90' lang='lat' dir='ltr'>urbi</span> <span class='ocrx_word' id='word_1_277' title='bbox 1116 3110 1259 3190; x_wconf 91' lang='lat' dir='ltr'>ereptum</span> <span class='ocrx_word' id='word_1_278' title='bbox 1282 3126 1352 3173; x_wconf 88' lang='lat' dir='ltr'>esse</span> <span class='ocrx_word' id='word_1_279' title='bbox 1377 3110 1477 3174; x_wconf 87' lang='lat' dir='ltr'>etiam</span> 
     </span>
     <span class='ocr_line' id='line_1_32' title="bbox 243 3194 1478 3285; baseline 0.002 -23"><span class='ocrx_word' id='word_1_280' title='bbox 243 3197 326 3279; x_wconf 86' lang='lat' dir='ltr'>apud</span> <span class='ocrx_word' id='word_1_281' title='bbox 334 3197 527 3261; x_wconf 79' lang='lat' dir='ltr'>Dinarchum</span> <span class='ocrx_word' id='word_1_282' title='bbox 535 3197 671 3262; x_wconf 84' lang='lat' dir='ltr'>traditur</span> <span class='ocrx_word' id='word_1_283' title='bbox 684 3198 719 3277; x_wconf 90' lang='lat' dir='ltr'>(I,</span> <span class='ocrx_word' id='word_1_284' title='bbox 729 3199 784 3262; x_wconf 86' lang='lat'>33:</span> <span class='ocrx_word' id='word_1_285' title='bbox 800 3196 999 3281; x_wconf 78' lang='grc' dir='ltr'><strong><em>ἐξέπλευσεν</em></strong></span> <span class='ocrx_word' id='word_1_286' title='bbox 1010 3194 1245 3284; x_wconf 82' lang='grc' dir='ltr'><strong><em>Ἐφιάλτης-·</em></strong></span> <span class='ocrx_word' id='word_1_287' title='bbox 1259 3197 1413 3285; x_wconf 79' lang='grc' dir='ltr'><strong><em>ἀφείλετο</em></strong></span> <span class='ocrx_word' id='word_1_288' title='bbox 1421 3201 1478 3264; x_wconf 91' lang='grc' dir='ltr'>καὶ</span> 
     </span>
     <span class='ocr_line' id='line_1_33' title="bbox 193 3285 1476 3374; baseline 0.001 -23"><span class='ocrx_word' id='word_1_289' title='bbox 193 3286 197 3294; x_wconf 85' lang='grc'><strong>“</strong></span> <span class='ocrx_word' id='word_1_290' title='bbox 243 3296 364 3353; x_wconf 80' lang='grc' dir='ltr'><strong><em>τοῦτον</em></strong></span> <span class='ocrx_word' id='word_1_291' title='bbox 386 3287 406 3373; x_wconf 81' lang='grc' dir='ltr'><strong><em>η</em></strong></span> <span class='ocrx_word' id='word_1_292' title='bbox 429 3289 510 3373; x_wconf 82' lang='grc' dir='ltr'><strong><em>τύχη</em></strong></span> <span class='ocrx_word' id='word_1_293' title='bbox 534 3297 592 3374; x_wconf 82' lang='grc' dir='ltr'>της</span> <span class='ocrx_word' id='word_1_294' title='bbox 615 3287 764 3365; x_wconf 85' lang='grc' dir='ltr'>πόλεως).</span> <span class='ocrx_word' id='word_1_295' title='bbox 812 3285 953 3366; x_wconf 81' lang='lat' dir='ltr'>Quocum</span> <span class='ocrx_word' id='word_1_296' title='bbox 984 3285 1121 3369; x_wconf 90' lang='lat' dir='ltr'>epistula</span> <span class='ocrx_word' id='word_1_297' title='bbox 1152 3289 1260 3352; x_wconf 89' lang='lat' dir='ltr'>nostra</span> <span class='ocrx_word' id='word_1_298' title='bbox 1292 3289 1370 3354; x_wconf 91' lang='lat' dir='ltr'>bene</span> <span class='ocrx_word' id='word_1_299' title='bbox 1402 3307 1476 3353; x_wconf 88' lang='lat' dir='ltr'>eon-</span> 
     </span>
     <span class='ocr_line' id='line_1_34' title="bbox 244 3374 1476 3460; baseline 0.002 -20"><span class='ocrx_word' id='word_1_300' title='bbox 244 3377 338 3460; x_wconf 88' lang='lat' dir='ltr'>gruit.</span> <span class='ocrx_word' id='word_1_301' title='bbox 386 3375 506 3440; x_wconf 79' lang='lat' dir='ltr'>Eodem</span> <span class='ocrx_word' id='word_1_302' title='bbox 536 3375 686 3440; x_wconf 83' lang='lat' dir='ltr'>Dinarchi</span> <span class='ocrx_word' id='word_1_303' title='bbox 717 3377 786 3441; x_wconf 93' lang='lat' dir='ltr'>loco</span> <span class='ocrx_word' id='word_1_304' title='bbox 819 3375 914 3440; x_wconf 89' lang='lat' dir='ltr'>etiam</span> <span class='ocrx_word' id='word_1_305' title='bbox 945 3374 1140 3458; x_wconf 83' lang='lat' dir='ltr'>Euthydicus</span> <span class='ocrx_word' id='word_1_306' title='bbox 1175 3376 1320 3457; x_wconf 87' lang='lat' dir='ltr'>quidam,</span> <span class='ocrx_word' id='word_1_307' title='bbox 1355 3378 1476 3443; x_wconf 87' lang='lat' dir='ltr'>amicus</span> 
     </span>
     <span class='ocr_line' id='line_1_35' title="bbox 243 3464 1477 3551; baseline 0.001 -20"><span class='ocrx_word' id='word_1_308' title='bbox 243 3465 486 3542; x_wconf 85' lang='lat' dir='ltr'>Demosthenis,</span> <span class='ocrx_word' id='word_1_309' title='bbox 518 3464 713 3544; x_wconf 85' lang='lat' dir='ltr'>nominatur,</span> <span class='ocrx_word' id='word_1_310' title='bbox 746 3465 799 3548; x_wconf 89' lang='lat' dir='ltr'>qui</span> <span class='ocrx_word' id='word_1_311' title='bbox 830 3466 899 3547; x_wconf 89' lang='lat' dir='ltr'>ipse</span> <span class='ocrx_word' id='word_1_312' title='bbox 930 3484 1053 3546; x_wconf 90' lang='lat' dir='ltr'>quoque</span> <span class='ocrx_word' id='word_1_313' title='bbox 1075 3467 1177 3530; x_wconf 90' lang='lat' dir='ltr'>morte</span> <span class='ocrx_word' id='word_1_314' title='bbox 1202 3465 1324 3531; x_wconf 88' lang='lat' dir='ltr'>eivitati</span> <span class='ocrx_word' id='word_1_315' title='bbox 1348 3470 1477 3551; x_wconf 90' lang='lat' dir='ltr'>ereptus</span> 
     </span>
     <span class='ocr_line' id='line_1_36' title="bbox 245 3552 1476 3638; baseline 0.002 -18"><span class='ocrx_word' id='word_1_316' title='bbox 245 3557 303 3624; x_wconf 89' lang='lat' dir='ltr'>est.</span> <span class='ocrx_word' id='word_1_317' title='bbox 351 3553 453 3634; x_wconf 81' lang='lat' dir='ltr'>Quare</span> <span class='ocrx_word' id='word_1_318' title='bbox 488 3553 629 3633; x_wconf 86' lang='lat' dir='ltr'>luerunt,</span> <span class='ocrx_word' id='word_1_319' title='bbox 666 3555 735 3636; x_wconf 90' lang='lat' dir='ltr'>qui,</span> <span class='ocrx_word' id='word_1_320' title='bbox 770 3556 807 3619; x_wconf 92' lang='lat' dir='ltr'>ut</span> <span class='ocrx_word' id='word_1_321' title='bbox 842 3552 1037 3618; x_wconf 85' lang='lat' dir='ltr'>Schmidtius</span> <span class='ocrx_word' id='word_1_322' title='bbox 1070 3556 1102 3619; x_wconf 91' lang='lat' dir='ltr'>et</span> <span class='ocrx_word' id='word_1_323' title='bbox 1133 3553 1288 3638; x_wconf 88' lang='lat' dir='ltr'>Sauppius</span> <span class='ocrx_word' id='word_1_324' title='bbox 1321 3556 1360 3621; x_wconf 93' lang='lat' dir='ltr'>ad</span> <span class='ocrx_word' id='word_1_325' title='bbox 1392 3558 1476 3622; x_wconf 91' lang='lat' dir='ltr'>hunc</span> 
     </span>
     <span class='ocr_line' id='line_1_37' title="bbox 244 3643 1477 3727; baseline 0.002 -18"><span class='ocrx_word' id='word_1_326' title='bbox 244 3643 395 3709; x_wconf 84' lang='lat' dir='ltr'>Dinarchi</span> <span class='ocrx_word' id='word_1_327' title='bbox 418 3644 533 3722; x_wconf 89' lang='lat' dir='ltr'>locum,</span> <span class='ocrx_word' id='word_1_328' title='bbox 558 3661 627 3707; x_wconf 88' lang='lat' dir='ltr'>cum</span> <span class='ocrx_word' id='word_1_329' title='bbox 652 3644 683 3708; x_wconf 91' lang='lat' dir='ltr'>in</span> <span class='ocrx_word' id='word_1_330' title='bbox 709 3646 817 3710; x_wconf 86' lang='lat' dir='ltr'>nostra</span> <span class='ocrx_word' id='word_1_331' title='bbox 842 3643 978 3726; x_wconf 86' lang='lat' dir='ltr'>epistula</span> <span class='ocrx_word' id='word_1_332' title='bbox 1000 3663 1063 3708; x_wconf 90' lang='lat' dir='ltr'>una</span> <span class='ocrx_word' id='word_1_333' title='bbox 1086 3663 1158 3708; x_wconf 93' lang='lat' dir='ltr'>cum</span> <span class='ocrx_word' id='word_1_334' title='bbox 1174 3645 1321 3727; x_wconf 79' lang='lat' dir='ltr'>Ephialte</span> <span class='ocrx_word' id='word_1_335' title='bbox 1337 3646 1477 3712; x_wconf 82' lang='lat' dir='ltr'>ltudicus</span> 
     </span>
     <span class='ocr_line' id='line_1_38' title="bbox 246 3733 1478 3818; baseline 0.002 -20"><span class='ocrx_word' id='word_1_336' title='bbox 246 3735 374 3816; x_wconf 88' lang='lat' dir='ltr'>quidam</span> <span class='ocrx_word' id='word_1_337' title='bbox 398 3733 529 3797; x_wconf 88' lang='lat' dir='ltr'>candem</span> <span class='ocrx_word' id='word_1_338' title='bbox 553 3734 672 3798; x_wconf 85' lang='lat' dir='ltr'>sortem</span> <span class='ocrx_word' id='word_1_339' title='bbox 696 3735 840 3817; x_wconf 82' lang='lat' dir='ltr'>expertus</span> <span class='ocrx_word' id='word_1_340' title='bbox 861 3736 1130 3815; x_wconf 89' lang='lat' dir='ltr'>commemoretur,</span> <span class='ocrx_word' id='word_1_341' title='bbox 1153 3734 1247 3799; x_wconf 93' lang='lat' dir='ltr'>illum</span> <span class='ocrx_word' id='word_1_342' title='bbox 1263 3735 1478 3818; x_wconf 80' lang='lat' dir='ltr'>Euthydicum</span> 
     </span>
     <span class='ocr_line' id='line_1_39' title="bbox 246 3822 1479 3905; baseline 0.002 -17"><span class='ocrx_word' id='word_1_343' title='bbox 246 3825 278 3888; x_wconf 90' lang='lat' dir='ltr'>et</span> <span class='ocrx_word' id='word_1_344' title='bbox 300 3824 383 3887; x_wconf 92' lang='lat' dir='ltr'>hunc</span> <span class='ocrx_word' id='word_1_345' title='bbox 413 3822 567 3888; x_wconf 83' lang='lat' dir='ltr'>Dudicum</span> <span class='ocrx_word' id='word_1_346' title='bbox 599 3842 668 3888; x_wconf 86' lang='lat' dir='ltr'>esse</span> <span class='ocrx_word' id='word_1_347' title='bbox 700 3824 834 3888; x_wconf 91' lang='lat' dir='ltr'>eundem</span> <span class='ocrx_word' id='word_1_348' title='bbox 862 3823 1104 3905; x_wconf 88' lang='lat' dir='ltr'>suspicarentur.</span> <span class='ocrx_word' id='word_1_349' title='bbox 1151 3822 1252 3904; x_wconf 82' lang='lat' dir='ltr'>Quam</span> <span class='ocrx_word' id='word_1_350' title='bbox 1283 3825 1479 3890; x_wconf 87' lang='lat' dir='ltr'>sententiam</span> 
     </span>
     <span class='ocr_line' id='line_1_40' title="bbox 245 3911 1478 3995; baseline 0.003 -18"><span class='ocrx_word' id='word_1_351' title='bbox 245 3912 390 3995; x_wconf 88' lang='lat' dir='ltr'>probavit</span> <span class='ocrx_word' id='word_1_352' title='bbox 405 3912 586 3977; x_wconf 89' lang='lat' dir='ltr'>Dindorfius</span> <span class='ocrx_word' id='word_1_353' title='bbox 611 3913 729 3979; x_wconf 88' lang='lat' dir='ltr'>addens</span> <span class='ocrx_word' id='word_1_354' title='bbox 752 3914 829 3978; x_wconf 91' lang='lat' dir='ltr'>haec</span> <span class='ocrx_word' id='word_1_355' title='bbox 853 3913 964 3978; x_wconf 84' lang='lat' dir='ltr'>verba:</span> <span class='ocrx_word' id='word_1_356' title='bbox 990 3911 1110 3992; x_wconf 81' lang='lat' dir='ltr'>„Quem</span> <span class='ocrx_word' id='word_1_357' title='bbox 1133 3913 1172 3978; x_wconf 93' lang='lat' dir='ltr'>ob</span> <span class='ocrx_word' id='word_1_358' title='bbox 1196 3931 1263 3977; x_wconf 89' lang='lat' dir='ltr'>rem</span> <span class='ocrx_word' id='word_1_359' title='bbox 1287 3913 1369 3978; x_wconf 86' lang='lat' dir='ltr'>alter</span> <span class='ocrx_word' id='word_1_360' title='bbox 1387 3915 1478 3981; x_wconf 91' lang='lat' dir='ltr'>locus</span> 
     </span>
     <span class='ocr_line' id='line_1_41' title="bbox 247 4001 1479 4086; baseline 0.002 -19"><span class='ocrx_word' id='word_1_361' title='bbox 247 4022 283 4067; x_wconf 83' lang='lat' dir='ltr'>cr</span> <span class='ocrx_word' id='word_1_362' title='bbox 307 4003 405 4066; x_wconf 87' lang='lat' dir='ltr'>altero</span> <span class='ocrx_word' id='word_1_363' title='bbox 431 4001 632 4086; x_wconf 87' lang='lat' dir='ltr'>corrigendus</span> <span class='ocrx_word' id='word_1_364' title='bbox 656 4003 789 4082; x_wconf 88' lang='lat' dir='ltr'>videtur,</span> <span class='ocrx_word' id='word_1_365' title='bbox 814 4003 880 4077; x_wconf 78' lang='lat' dir='ltr'>siue</span> <span class='ocrx_word' id='word_1_366' title='bbox 904 4002 1041 4079; x_wconf 74' lang='grc' dir='ltr'><strong><em>Εὔδικος</em></strong></span> <span class='ocrx_word' id='word_1_367' title='bbox 1068 4003 1134 4068; x_wconf 88' lang='lat' dir='ltr'>sive</span> <span class='ocrx_word' id='word_1_368' title='bbox 1157 4002 1345 4080; x_wconf 69' lang='grc' dir='ltr'><strong><em>Εὐθύδικος</em></strong></span> <span class='ocrx_word' id='word_1_369' title='bbox 1367 4023 1479 4069; x_wconf 82' lang='lat' dir='ltr'>verum</span> 
     </span>
     <span class='ocr_line' id='line_1_42' title="bbox 246 4091 1480 4176; baseline 0.003 -20"><span class='ocrx_word' id='word_1_370' title='bbox 246 4092 307 4156; x_wconf 85' lang='lat' dir='ltr'>fuit</span> <span class='ocrx_word' id='word_1_371' title='bbox 338 4091 397 4155; x_wconf 86' lang='lat' dir='ltr'>viri</span> <span class='ocrx_word' id='word_1_372' title='bbox 428 4096 571 4160; x_wconf 87' lang='lat' dir='ltr'>nomen“.</span> <span class='ocrx_word' id='word_1_373' title='bbox 617 4091 755 4157; x_wconf 85' lang='lat' dir='ltr'>Difficile</span> <span class='ocrx_word' id='word_1_374' title='bbox 788 4094 837 4157; x_wconf 92' lang='lat' dir='ltr'>est</span> <span class='ocrx_word' id='word_1_375' title='bbox 868 4092 1056 4156; x_wconf 88' lang='lat' dir='ltr'>alterutrum</span> <span class='ocrx_word' id='word_1_376' title='bbox 1090 4111 1204 4158; x_wconf 88' lang='lat' dir='ltr'>nomen</span> <span class='ocrx_word' id='word_1_377' title='bbox 1240 4091 1367 4176; x_wconf 83' lang='lat' dir='ltr'>eligere.</span> <span class='ocrx_word' id='word_1_378' title='bbox 1415 4093 1480 4160; x_wconf 84' lang='lat' dir='ltr'>Sed</span> 
     </span>
    </p>
   </div>
   <div class='ocr_carea' id='block_1_4' title="bbox 359 4371 986 4446">
    <p class='ocr_par' dir='ltr' id='par_1_5' title="bbox 359 4371 986 4446">
     <span class='ocr_line' id='line_1_43' title="bbox 359 4371 986 4446; baseline 0.005 -19"><span class='ocrx_word' id='word_1_379' title='bbox 359 4378 384 4442; x_wconf 93' lang='lat' dir='ltr'>l)</span> <span class='ocrx_word' id='word_1_380' title='bbox 407 4371 436 4429; x_wconf 80' lang='lat' dir='ltr'>L.</span> <span class='ocrx_word' id='word_1_381' title='bbox 455 4374 473 4428; x_wconf 94' lang='lat' dir='ltr'>l.</span> <span class='ocrx_word' id='word_1_382' title='bbox 492 4377 557 4428; x_wconf 90' lang='lat' dir='ltr'>tom.</span> <span class='ocrx_word' id='word_1_383' title='bbox 576 4374 620 4428; x_wconf 91' lang='lat' dir='ltr'>III</span> <span class='ocrx_word' id='word_1_384' title='bbox 639 4374 860 4444; x_wconf 86' lang='lat' dir='ltr'>(Securkunden),</span> <span class='ocrx_word' id='word_1_385' title='bbox 879 4393 905 4446; x_wconf 92' lang='lat' dir='ltr'>p.</span> <span class='ocrx_word' id='word_1_386' title='bbox 925 4378 986 4430; x_wconf 79' lang='lat'><strong>244.</strong></span> 
     </span>
    </p>
   </div>
   <div class='ocr_carea' id='block_1_5' title="bbox 0 0 1603 4925">
    <p class='ocr_par' dir='ltr' id='par_1_6' title="bbox 0 0 1603 4925">
     <span class='ocr_line' id='line_1_44' title="bbox 0 0 1603 4925; baseline 0 0"><span class='ocrx_word' id='word_1_387' title='bbox 0 0 1603 4925; x_wconf 95' lang='lat' dir='ltr'> </span> 
     </span>
    </p>
   </div>
   <div class='ocr_carea' id='block_1_6' title="bbox 1585 3295 1591 4157">
    <p class='ocr_par' dir='ltr' id='par_1_7' title="bbox 1585 3295 1591 4157">
     <span class='ocr_line' id='line_1_45' title="bbox 1585 3295 1591 4157; baseline 0 0"><span class='ocrx_word' id='word_1_388' title='bbox 1585 3295 1591 4157; x_wconf 95' lang='lat' dir='ltr'> </span> 
     </span>
    </p>
   </div>
  </div>
 </body>
</html>
