3175 4925
721 285 739 348 Ι

119 481 232 568 ἤνεγκε
256 482 339 547 δέ
307 507 368 569 την
384 484 520 595 φαμὴνι
509 480 702 563 μαλακῶς,’
690 506 726 547 εν
740 480 864 567 Αἰγίνῃ
880 481 935 544 καὶ
952 487 1107 567 Τροιζῆνι
1126 486 1351 568 καθεζόμενος

120 573 161 635 τὰ
186 572 293 637 πολλὰ
311 572 466 657 καὶπρὸς
481 574 542 657 ripa
559 568 709 658 Αττικὴν
725 570 930 653 ἀποβλέπων
945 570 1191 656 δεδακρυμένος.
1229 570 1348 651 Quibus

121 680 190 725 oum
224 662 327 726 verbis
359 662 413 744 qui
437 660 665 741 comparaverit
689 680 741 739 ea,
774 678 853 741 quae
882 678 930 741 ep.
954 660 994 739 ΙΙ,
1022 660 1092 744 171)
1116 661 1234 725 tradita
1257 665 1347 726 sunt.

121 752 350 846 πρῶτονμὲν
381 750 547 826 τοῦνειδος
577 774 599 813 τ
600 760 634 837 ῆς
657 750 782 859 εἱρκτῆς
813 749 965 831 χαλεπῶς
988 756 1035 835 τῴ
1058 751 1202 836 λομισ
1162 776 1202 814 ιω
1226 756 1347 838 φέριον,

120 848 190 905 εἰτα
207 840 306 905 deoc
275 866 293 905 τ
297 865 336 928 ην
352 839 532 927 ἡλικίαν)
496 864 554 903 oua
570 840 612 904 αν
600 776 741 917 ηόἷές
715 864 733 903 τ
759 839 807 904 ὢν
826 845 873 924 aui
892 840 1020 921 σώματι
1039 842 1100 927 τὴν
1118 845 1350 907 κακοπάθειαν

120 930 371 1015 οπενεγκεῖνοί
395 949 442 1011 ep.
467 929 507 1008 II,
532 930 591 995 20:
624 930 675 994 dre
697 931 751 994 καὶ
774 932 835 1015 τὴν
859 928 1003 1014 πατρίδα
1030 928 1229 996 έντεῦθεν“
1214 934 1351 1017 εκάστης

120 1020 242 1106 ἡμέρας
265 1019 390 1107 ἄφοριῖι,
416 1038 529 1102 negare
555 1019 603 1083 vix
627 1020 744 1101 poterit
768 1020 831 1096 ant,
855 1019 891 1082 ut
855 1036 1008 1099 uquam
1033 1019 1216 1084 cautissime
1231 1019 1350 1084 iudice·

121 1128 202 1187 mus,
227 1110 394 1191 utrumque
419 1110 576 1173 auctorem
609 1128 644 1173 er
677 1108 786 1174 eodem
817 1108 904 1172 fonte
935 1107 1080 1173 hausisse
1108 1110 1179 1188 aut,
1211 1109 1244 1172 id
1268 1109 1351 1191 quod

124 1198 188 1261 veri
212 1198 335 1263 videtur
359 1217 427 1263 esse
451 1198 605 1277 similius,
631 1198 680 1262 vel
704 1197 910 1262 Plutarchum
934 1198 1040 1279 ipsum
1064 1199 1113 1263 vel
1138 1218 1226 1278 eum,
1259 1218 1351 1280 quem

121 1287 311 1352 Plutarchus
336 1288 511 1370 exscripsit,
536 1288 673 1353 secunda
697 1287 835 1369 epistula
859 1306 951 1351 usum
976 1306 1054 1352 esse.
1100 1289 1208 1369 Ipsum
1225 1288 1351 1371 quidem

122 1377 326 1441 Plutarchum
359 1379 387 1442 si
418 1397 481 1443 non
513 1397 620 1443 omnes
645 1378 803 1442 orationes
828 1377 1070 1456 Demosthenis,
1102 1380 1136 1442 at
1163 1379 1247 1443 certe
1271 1396 1349 1457 eam,

123 1485 218 1547 qnam
242 1466 279 1531 de
303 1486 417 1532 corona
439 1467 559 1546 habuit,
583 1486 753 1549 usurpasse
778 1468 889 1531 notum
914 1468 972 1546 est,
997 1466 1080 1549 quod
1096 1468 1193 1532 etiam
1209 1467 1352 1533 Gebhar-

123 1554 218 1639 dus2)
243 1556 395 1635 declarat,
420 1576 513 1639 quem
537 1558 633 1622 miror
664 1557 743 1621 nihil
769 1556 807 1620 de
831 1555 948 1620 nostris
972 1556 1052 1621 loeis
1077 1557 1187 1621 dicere.
1233 1558 1351 1621 Tamen

121 1645 202 1709 illnd
226 1652 310 1733 φασί
333 1646 483 1733 (αἰσχύνῃ
508 1656 564 1733 τῆς
588 1646 694 1723 αἰτίας
717 1651 812 1734 φασι)
836 1646 1020 1710 testimonio
1045 1666 1114 1711 esse
1134 1646 1213 1711 mihi
1229 1646 1353 1711 videtur

121 1735 203 1800 huno
227 1736 331 1801 locum
357 1755 419 1800 non
444 1736 648 1801 aPlutareho
672 1736 795 1817 ipsoex
818 1736 928 1799 nostra
952 1735 1090 1817 epistula
1105 1736 1254 1800 haustum
1271 1754 1351 1802 esse.

121 1826 289 1889 Praeterea
312 1826 502 1890 Plutarchus
526 1826 558 1889 in
583 1844 636 1903 eo,
661 1825 742 1907 quod
766 1824 1014 1889 Demosthenem
1037 1826 1178 1909 Aeginae
1203 1827 1235 1890 et
1258 1826 1352 1890 Troe·

122 1933 196 1979 nene
220 1914 318 1979 fuisse
342 1914 457 1993 tradit,
489 1916 527 1980 ab
560 1915 696 1997 epistula
730 1914 866 1993 recedit,
899 1934 977 1997 quae
1012 1934 1084 1979 eum
1108 1916 1297 1979 Troeaeuem
1321 1917 1354 1979 et

123 2002 304 2068 Calauriam
328 2024 361 2069 se
386 2004 559 2069 contulisse
583 2005 699 2071 narrat.

229 2094 323 2176 Apud
346 2094 695 2158 Pseudo-Plutarchum
727 2093 883 2175 expressis
915 2093 1019 2157 verbis
1043 2094 1291 2159 Demosthenem
1315 2093 1354 2157 de

122 2184 258 2265 Lycurgi
274 2183 383 2248 liberis
405 2183 574 2265 epistulam
592 2184 631 2247 ad
644 2183 854 2247 Athenienses
871 2183 996 2248 dedisse
1012 2183 1157 2251 traditur.
1203 2183 1354 2265 Legimus

124 2272 209 2335 enim
234 2273 289 2340 vii.
314 2274 343 2337 X
367 2276 444 2340 orat.
470 2292 500 2355 p.
526 2274 590 2337 842
615 2273 643 2336 D
665 2273 730 2350 (vit.
755 2270 861 2355 Lyd.):
888 2278 1132 2359 Δημοσθένους
1154 2274 1189 2339 δὲ
1212 2268 1289 2336 καθ’
1316 2275 1355 2338 ὃν

123 2360 225 2449 ’έφογε
257 2366 378 2449 χρόνον
407 2361 655 2439 ἐπιστείλαντος
678 2373 746 2437 τοῖς
768 2360 975 2449 Ἀθηναίοις,
1009 2360 1053 2438 ὡς
1074 2372 1181 2440 κακῶς
1204 2362 1356 2427 ἀκούοιεν

123 2450 180 2516 ἐπὶ
204 2464 273 2528 τοῖς
295 2456 498 2538 Λοκούργοο
522 2452 617 2518 παιδί
605 2457 674 2528 ί.οις
724 2449 791 2531 Qua
815 2451 919 2531 dere,
944 2454 979 2516 ut
1003 2451 1066 2517 iam
1090 2452 1235 2531 diximus,
1259 2452 1356 2516 tertia

124 2541 261 2623 epistula
285 2543 352 2624 agit
353 2562 398 2610 nr
447 2541 556 2624 Neque
580 2542 647 2606 ulla
671 2544 720 2606 est
744 2541 910 2621 dubitatio,
935 2542 1009 2624 quin
1026 2541 1059 2606 in
1075 2542 1114 2606 iis
1117 2560 1220 2624 ,quae
1236 2542 1353 2606 ibidem

123 2650 153 2713 p.
179 2631 284 2695 aeis
309 2631 427 2714 scripta
410 2634 541 2695 azsunt
566 2633 724 2696 διετέλεσέ
744 2655 778 2696 τε
795 2631 854 2696 τὸν
870 2633 1005 2696 ἅπαντα
1028 2636 1150 2718 χρόνον
1173 2630 1356 2714 εὐδοκιμων

124 2722 215 2805 παρὰ
239 2731 307 2796 τοῖς
330 2719 522 2808 Αθηναίοις
543 2723 598 2785 καὶ
621 2717 795 2796 δίκαιος
766 2729 851 2786 είναι
873 2746 913 2786 νο
914 2721 1151 2807 pedibusue,t
1134 2722 1218 2786 edors
1241 2719 1333 2785 καί’
1320 2744 1356 2786 εν

124 2820 193 2884 τοῖς
215 2809 433 2922 δικαστφρίοις
464 2811 501 2874 τὸ
533 2820 636 2922 φῆσριι
667 2817 868 2897 Λακοαργον
896 2810 1000 2876 idduae
1021 2815 1177 2898 βοήθημα
1201 2805 1356 2895 εἶναιτῷ

125 2903 432 2999 συναγορευομένῳ,
465 2900 547 2964 illud
579 2901 616 2964 τὸ
648 2911 752 2986 φῆσαι
783 2907 986 3008 Λυκοῦργον
1016 2899 1141 2964 fluxerit
1126 2902 1208 2963 tex
1242 2899 1356 2964 tertiae

126 2985 280 3067 epistulae
309 2991 503 3071 paragrapho
528 2991 565 3054 6.
598 2989 684 3054 odiam
715 2984 788 3053 d⁰
776 2985 956 3054 επιστεύετ
991 2988 1082 3073 αὐτφ
1104 2991 1158 3053 καὶ
1182 2989 1357 3075 δημοτικὸν

126 3078 217 3163 παρὰ
248 3080 378 3153 πάντας
406 3079 565 3232 ιὴγεῖσθε,
593 3078 676 3142 ὥστε
708 3079 817 3142 πολλὰ
848 3087 916 3143 τιῖιν
947 3078 1082 3143 δικαίων
1113 3076 1150 3142 έν
1177 3085 1224 3162 τῷ
1253 3099 1358 3164 φησαι

124 3163 491 3254 Λνκονργονεκρίνετε
514 3170 568 3232 καὶ
591 3162 686 3232 τοῦθ’
713 3166 792 3249 ὑμῖν
822 3165 955 3254 έξρρκει
1003 3167 1087 3231 Nam
1111 3166 1203 3231 facile
1227 3165 1356 3230 intelle-

125 3255 211 3356 gitur
235 3256 427 3338 singularem
451 3258 542 3322 illam
566 3257 767 3334 locutionem,
793 3274 871 3337 quae
897 3257 1000 3320 est
969 3280 1006 3320 το
1024 3279 1128 3344 φηοοι
1144 3263 1354 3344 Λνκοοργον,

125 3345 176 3408 vix
200 3363 273 3409 casn
298 3365 316 3408 a
340 3345 460 3412 duobus
486 3345 691 3428 scriptoribus
716 3307 878 3410 iniantam
902 3364 980 3413 esse.

233 3434 388 3500 Aristides
400 3434 424 3514 3)
448 3436 555 3501 rhetor
579 3438 612 3500 in
636 3436 794 3516 oratione,
820 3435 871 3501 cni
895 3434 1044 3500 similiter
1068 3454 1104 3500 ac
1127 3435 1248 3518 primae
1272 3434 1356 3516 epis-

124 3523 211 3586 tulae
225 3524 489 3590 Demosthenicae
502 3525 686 3590 inscribitur
703 3527 779 3612 περὶ
795 3525 951 3609 ὁμονοίας
965 3537 1037 3602 ταῖς
1053 3527 1200 3606 πόλεσιν,
1219 3525 1358 3589 extrema

125 3613 220 3676 verba
242 3613 365 3694 tertiae,
390 3635 452 3680 non
476 3617 512 3679 ut
535 3615 615 3680 ialso
639 3615 708 3696 ipse
732 3615 810 3680 dicit
833 3616 953 3698 primae
963 3613 990 3696 4)
1015 3615 1187 3697 epistulae,
1219 3613 1355 3696 profert:

124 3705 347 3790 Δημοσθένης
370 3705 404 3770 dh
428 3703 632 3770 ἐπιστέλλων
654 3703 846 3792 Ἀθηναίοις
869 3706 946 3793 περὶ
977 3715 1034 3791 τῆς
1057 3704 1212 3786 ὁμονοίας
1235 3705 1296 3791 τὴν
1320 3702 1357 3769 έν

128 3883 340 3894 -·——-—-t——

235 3992 258 4054 ll
280 3991 319 4044 Ex
337 3990 470 4044 Diudorfii
488 4007 539 4044 reo.
558 3989 633 4060 Lips.
653 3989 716 4056 (rol.
735 3987 786 4056 ΠΙ,
806 4005 833 4058 p.
853 3988 889 4057 H,
910 3988 951 4042 ed.
971 3991 1033 4042 tert.
1054 3989 1143 4042 1878l.

132 4100 135 4106 ·
233 4079 260 4149 2)
279 4081 320 4135 De
330 4081 469 4135 Plutarchi
481 4081 510 4134 in
519 4079 711 4134 Demosthenis
724 4079 780 4131 vita
789 4076 910 4131 fontibus
921 4094 952 4130 ae
962 4078 1023 4146 fide,
1033 4078 1062 4130 in
1072 4093 1161 4146 progr.
1171 4077 1267 4130 Monac
1280 4079 1357 4130 1880.

235 4166 262 4237 3)
280 4169 302 4237 I,
321 4187 348 4240 p.
369 4173 429 4238 792,
450 4169 490 4224 ed.
510 4169 592 4223 Dind.
611 4168 686 4236 Lips.
708 4169 785 4220 1829.

235 4258 262 4326 4)
281 4259 314 4312 In
332 4259 434 4328 primae
454 4258 586 4328 epistulae
605 4256 658 4308 fine
678 4255 759 4309 etiam
778 4272 829 4309 vox
848 4272 917 4326 qnae
938 4257 980 4309 est
995 4242 1076 4336 ἧττα
1091 4253 1200 4321 legitur,
1220 4253 1290 4309 unde
1303 4252 1356 4307 for-

128 4350 204 4401 tasse
223 4348 267 4402 hie
286 4365 358 4402 error
376 4350 456 4402 natus
476 4351 525 4403 est.
