3175 4925
606 326 766 439 „ne—r-

72 536 210 600 amicitia
234 536 435 601 coniunctam
459 556 492 601 se
517 537 708 613 contulissc;
741 557 813 602 cum
843 539 949 602 autern
980 540 1146 604 Troezenis
1177 540 1300 605 incolae

73 624 196 706 quidam
229 625 290 691 sibi
323 625 496 691 blandituri
532 626 771 691 maledixissent
804 627 1070 708 Atheniensibus,
1105 630 1189 695 cives
1226 648 1301 695 ase

72 714 212 779 defensos
243 734 322 781 esse.
369 715 446 781 lude
470 715 649 781 Calauriam
673 734 706 781 se
730 716 844 795 ivisse,
876 717 930 781 uhi
959 718 993 781 in
1016 718 1158 800 Neptuni
1181 719 1301 801 templo

72 803 245 869 consederit
268 823 329 869 non
354 807 420 869 tam
441 805 620 871 securitatis
638 824 731 870 causa
748 825 842 888 quarn
856 806 929 887 quia
941 806 1014 871 iude
1027 827 1150 890 semper
1165 810 1301 891 patriam

73 893 172 958 videre
198 895 346 975 potuerit.
394 893 452 959 Oui
483 914 553 959 vero
582 894 660 960 heco
683 895 803 979 legenti
826 915 888 960 uon
911 896 1042 961 Homeri
1066 898 1143 962 haec
1167 898 1301 964 dicentis

72 982 192 1065 (Odyss.
216 984 242 1062 I,
266 984 308 1049 57
334 980 432 1069 seq.):

778 1073 882 1161 αὐτὰρ
903 1069 1088 1154 Ὀδυσσεύς

297 1162 424 1245 ἱέμενος
445 1166 500 1229 καὶ
522 1164 655 1229 καπνὸν
678 1162 947 1251 ἀποθρῴσκοντα
971 1175 1101 1252 νοῆσαι

296 1248 334 1338 ἧς
356 1258 449 1340 γαίης
471 1257 610 1319 θανέειν
634 1253 791 1340 ἱμείρεται

70 1340 99 1403 in
123 1342 264 1405 mentem
287 1342 396 1407 uenit?
443 1343 549 1408 Etiam
572 1341 649 1407 haec
673 1343 903 1408 Demosthenes
928 1342 1033 1414 addit:
1058 1344 1086 1409 si
1109 1345 1142 1409 in
1164 1345 1301 1427 patriam

70 1430 167 1494 redire
193 1431 256 1495 sibi
273 1450 335 1495 non
350 1432 455 1511 liceat,
471 1431 586 1499 melius
603 1432 665 1498 sibi
680 1432 779 1497 fuisse
797 1433 988 1516 supplicium
1004 1434 1108 1499 subire
1124 1432 1302 1521 (τεθνάναι

70 1544 106 1601 με
128 1532 280 1607 κρεῖττον
303 1516 353 1608 ἦν,
380 1518 483 1606 ξ21).
530 1523 571 1587 llt
594 1522 627 1586 hi
650 1522 803 1587 fortassee
828 1525 902 1587 sunt
924 1524 997 1602 loci,
1022 1524 1131 1605 quill.
1149 1524 1301 1589 Wolfium

71 1612 313 1689 commoverunt,
337 1612 373 1675 ut
395 1612 417 1679 l.
442 1610 463 1679 l.
487 1611 521 1675 in
545 1614 728 1693 argumento
745 1612 954 1694 epistularum
969 1615 1032 1695 ipsi
1047 1613 1301 1695 interpretationi

70 1700 241 1779 praemisso
266 1699 470 1765 exclamaret:
497 1700 596 1779 „Sunt
620 1705 725 1765 autem
750 1700 930 1789 (epistulae)
946 1705 1169 1785 —tamquam
1185 1723 1302 1789 cygnea

72 1789 222 1869 quaedam
247 1790 350 1853 cantio
375 1790 482 1871 itaque
506 1809 636 1869 suaves,
660 1793 696 1855 ut
719 1792 877 1857 neminem
909 1796 975 1856 tam
999 1792 1206 1858 inhumanum
1232 1812 1302 1858 esse

70 1880 192 1958 putem,
226 1896 318 1961 quem
351 1898 412 1944 non
447 1900 519 1944 cum
554 1880 828 1947 commiseratione
863 1882 998 1964 quadam
1034 1882 1202 1952 delectent.
1249 1884 1302 1948 Me

72 1967 194 2047 quidem
221 1968 267 2032 sic
290 1968 452 2033 nonnullis
475 1970 509 2034 in
532 1969 611 2033 locis
636 1969 786 2048 afficiunt,
811 1971 967 2036 humanae
990 1972 1184 2037 condicionis
1204 1973 1301 2038 mise-

70 2056 128 2120 rias
153 2060 185 2125 et
209 2056 445 2139 ingratissimos
469 2058 590 2124 animos
614 2060 738 2124 belluae
762 2060 851 2124 illius
876 2061 1049 2125 multorum
1068 2063 1209 2144 capitum
1227 2081 1302 2147 erga

71 2147 361 2227 praestantissimos
387 2166 526 2229 quosque
558 2148 641 2213 uiros
674 2151 706 2214 et
729 2150 848 2231 optime
872 2149 911 2214 de
933 2152 1036 2231 patria
1060 2152 1191 2217 meritos
1215 2153 1301 2235 cogi-

71 2238 198 2316 tantem,
226 2238 262 2300 ut
285 2237 336 2301 uix
359 2238 480 2319 possim
504 2240 609 2303 tenere
635 2236 845 2322 lachrymas“.
891 2240 983 2319 Item,
1007 2240 1130 2305 utiam
1155 2242 1302 2322 diximus,

72 2325 237 2391 confitetur
260 2327 491 2391 Demosthenes
514 2328 609 2393 licere
632 2328 880 2393 Atheniensibus
911 2330 974 2411 ipsi
1004 2330 1153 2395 iniuriam
1175 2332 1300 2401 inferre.

70 2415 127 2480 Hic
150 2416 353 2500 cognoscitur
376 2416 404 2481 is
427 2418 676 2498 Demosthenes,
710 2437 803 2500 quem
826 2419 975 2484 Reishius
998 2420 1030 2485 in
1056 2420 1202 2504 epistulis
1227 2440 1301 2487 con-

72 2504 178 2586 spicit,
217 2505 323 2570 dicens
359 2507 381 2574 l.
413 2507 453 2575 l.:
490 2509 749 2586 „Demosthenes'
781 2509 885 2574 Brieic
920 2509 1077 2593 hingegen
1107 2511 1209 2576 haben
1241 2513 1302 2576 mir

71 2595 260 2678 ueuigsteus
286 2614 321 2660 so
344 2596 427 2661 wohl
452 2597 606 2680 gesallcn,
631 2597 722 2678 dass,
755 2599 813 2662 uie
844 2617 934 2682 gross
967 2601 1046 2665 auch
1078 2603 1168 2666 soust
1198 2603 1302 2666 meino

71 2683 299 2768 Hoohachtung
323 2703 423 2768 gegen
448 2687 534 2752 scine
557 2687 666 2752 Reden
690 2687 752 2767 sei,
784 2687 836 2752 ich
860 2688 1003 2753 dennoch
1027 2690 1078 2754 dio
1100 2690 1205 2755 Briefe
1229 2690 1301 2756 des-

73 2775 193 2854 selben,
227 2774 277 2838 die
309 2775 479 2859 unstreitig
510 2795 570 2840 von
600 2777 668 2841 ihm
701 2777 788 2856 sind,
820 2778 911 2843 nicht
941 2779 1077 2862 ueniger
1107 2780 1301 2846 heuundere.

72 2861 144 2928 Hier
167 2864 291 2948 spricht
315 2864 448 2930 beiuahe
472 2866 522 2930 ein
547 2883 625 2948 ganz
650 2866 780 2932 anderer
797 2866 898 2947 Geist,
922 2868 973 2932 ein
993 2869 1208 2953 bnssfertiger,
1233 2890 1301 2935 zer-

72 2953 262 3036 sohlagener,
287 2953 385 3018 durch
409 2955 535 3020 Uuialle
559 2955 771 3040 geuitnigter,
804 2957 854 3021 fiir
886 2957 972 3022 seine
995 2959 1138 3024 Freunde
1167 2961 1301 3024 adrtlich

71 3041 240 3126 besorgter,
265 3044 309 3107 im
333 3043 451 3109 Leiden
475 3045 687 3125 standhalter,
711 3046 745 3110 in
768 3046 824 3110 der
845 3047 1087 3130 Demuthigung
1110 3048 1190 3113 doch
1214 3049 1302 3114 edler

71 3132 130 3195 und
162 3132 333 3215 ergebener
364 3132 471 3214 Geist,
504 3133 558 3199 der
588 3135 699 3214 weise,
732 3155 765 3200 es
798 3135 900 3199 selbst
930 3137 990 3200 mit
1021 3138 1129 3202 seinen
1161 3137 1301 3204 Deinden

71 3221 316 3287 uohlmeinende
340 3222 404 3288 und
428 3224 474 3288 sie
497 3225 797 3304 nureclrtueisende,
829 3225 931 3289 selbst
955 3225 1005 3290 die
1029 3227 1139 3307 Hand,
1171 3227 1222 3292 die
1245 3228 1301 3292 ihn

72 3309 210 3394 schlatgt,
242 3312 399 3376 hussende
423 3313 562 3392 Patriot,
596 3315 646 3378 ein
670 3313 803 3391 Weiser,
826 3334 887 3378 ron
911 3315 996 3379 einer
1019 3316 1209 3397 rhhrenden,
1234 3318 1300 3382 ein-

72 3399 280 3481 nehmendcu,
317 3403 567 3484 entndckenden,
603 3405 677 3468 aber
712 3404 896 3469 schwerlich
930 3405 991 3469 mit
1023 3406 1154 3472 Worten
1188 3427 1301 3472 ausuu-

73 3486 267 3554 druchenden
290 3490 437 3575 Bildung,
462 3492 550 3557 nicht
573 3493 647 3558 aber
678 3494 732 3558 der
755 3494 900 3559 boshafte
924 3494 1112 3576 Ohicaneur,
1136 3497 1191 3562 der
1214 3499 1301 3562 seire

72 3577 245 3662 gehbssige,
270 3581 574 3661 wetterwendische,
603 3583 846 3667 nanhssrchtige,
877 3585 1089 3666 sophistische
1113 3587 1301 3670 Klaffaungo

72 3665 103 3728 in
126 3667 186 3732 don
209 3668 317 3734 Redeu
341 3690 399 3735 nur
423 3671 506 3735 allnu
531 3672 577 3736 oit
599 3672 696 3737 hbren
720 3674 831 3738 lasst.“

175 3758 295 3823 Tamen
318 3760 401 3825 huno
424 3760 529 3825 locum
547 3763 578 3825 et
593 3763 758 3844 praecipue
775 3782 820 3843 ea,
845 3764 959 3846 quibus
981 3764 1018 3830 de
1035 3764 1181 3830 Calauria
1195 3765 1302 3831 insula

72 3844 182 3926 agitur,
207 3849 314 3930 paullo
339 3849 515 3915 accuratius
531 3851 788 3920 cousideremns.
835 3855 923 3918 Dicit
954 3855 1037 3919 enim
1068 3855 1300 3921 Demosthenes

72 3951 103 3997 se
137 3936 171 4000 in
206 3937 347 4020 Neptuni
378 3939 454 4004 aede
487 3939 650 4005 Calauriae
682 3942 862 4007 consedisse
898 3962 961 4008 non
990 3943 1082 4008 modo
1118 3945 1300 4012 securitatis

73 4041 179 4105 causa,
212 4046 304 4108 quam
335 4048 390 4110 per
420 4028 502 4093 huuc
541 4031 634 4094 deum
666 4030 727 4095 sibi
758 4031 824 4096 iore
856 4036 979 4114 speret;
1013 4029 1170 4099 adduntur
1194 4038 1299 4100 autem

72 4111 257 4196 interposita
279 4117 373 4183 haee:
399 4117 451 4196 (od
475 4120 535 4205 γὰρ
560 4113 597 4184 εὖ
621 4115 692 4184 οἶδά
716 4139 767 4206 γε·
793 4125 815 4186 ἃ
838 4124 898 4209 γὰρ
923 4120 976 4210 ἐφ)
1001 4122 1123 4211 ἑτέροις
1146 4122 1237 4190 ἐστὶν
1257 4123 1301 4201 ὡς

73 4201 112 4265 ἂν
133 4205 317 4286 βούλωνται
349 4213 487 4294 πρᾶξαι,
521 4209 647 4296 λεπτὴν
677 4210 731 4274 καὶ
761 4210 884 4298 ἄδηλον
907 4211 972 4293 ἔχει
1004 4220 1050 4298 τῷ
1072 4214 1301 4280 κινδυνεύοντι

73 4292 358 4381 abedecallam),
385 4316 430 4378 ep.
455 4296 496 4374 ll,
521 4297 572 4365 20.
621 4298 710 4363 Unde
734 4318 806 4364 vero
822 4301 899 4364 haec
915 4301 1095 4368 dubitatio?
1142 4302 1202 4382 Qui
1216 4304 1299 4367 enim

72 4377 115 4460 lit,
139 4385 175 4446 ut
192 4383 420 4450 Demosthenes
447 4390 597 4467 vereatur,
622 4407 660 4452 ne
681 4388 739 4452 hoo
755 4388 863 4454 fanum
880 4391 942 4455 sibi
958 4392 1079 4458 nullam
1097 4393 1299 4458 securitatem
