3175 4925
620 280 780 413 *q-

93 497 187 597 μηδὲν
209 509 295 593 ὑμᾶς
318 509 439 575 ἀδικῶν
460 519 596 575 τοιαῦτα
614 516 802 593 πείσεσθαι,
821 510 904 575 ἀλλὰ
919 512 973 575 καὶ
988 515 1104 597 μέτρια
1120 510 1162 576 ἂν
1177 503 1318 598 ἐξαμαρ-1

94 602 155 665 τὼν
188 602 381 687 συγγνώμης
415 602 601 683 τεύξεσθαι.
650 599 805 666 Similiter
840 600 858 683 ἓ
891 601 911 664 5
942 600 1079 665 traditur
1111 600 1319 665 Demostheni

93 708 271 771 persuasum
296 707 366 753 esse
390 708 424 753 se
448 690 553 755 omnia
576 690 623 755 ita
641 690 821 773 perfecisse,
838 691 875 755 ut
890 689 1101 754 Athenienses
1118 690 1156 755 ab
1174 690 1318 755 omnihus

93 778 265 844 hominibus
289 778 527 861 praedicentur,
557 781 626 862 ipse
658 781 764 845 antem
793 780 930 845 maxima
953 778 1036 844 dona
1059 798 1093 843 se
1118 781 1320 862 accepturum

94 888 157 933 csse
181 869 296 951 speret.

191 958 297 1023 Etiam
321 957 416 1024 tertia
441 958 591 1040 epistula,
616 961 652 1023 ut
676 959 714 1023 ad
738 959 819 1024 hanc
842 960 1051 1038 transeamus,
1074 958 1120 1023 ita
1144 958 1320 1040 composita

94 1049 154 1127 est,
184 1049 221 1112 ut
251 1047 343 1112 facile
376 1048 533 1129 quispiam
565 1050 720 1130 suspicari
744 1048 848 1131 possit
870 1048 1007 1113 auctoris
1031 1048 1197 1130 praecipue
1221 1048 1319 1114 inter-

92 1137 183 1201 fuisse
215 1138 314 1201 artem
346 1156 436 1201 suam
466 1138 656 1203 rhetoricam
689 1158 783 1221 qnam
814 1138 949 1203 maxime
979 1137 1013 1203 in
1044 1137 1147 1202 lucem
1170 1138 1318 1219 proferre.

92 1226 200 1310 Agitur
233 1244 269 1292 ca
292 1226 330 1291 de
354 1226 489 1309 Lycurgi
512 1228 684 1293 liberorum
708 1227 812 1295 rebus.
860 1228 921 1292 Per
943 1228 1046 1291 totam
1069 1229 1175 1291 autem
1199 1227 1319 1310 epistu-

91 1316 151 1380 lam
181 1316 382 1399 intellegitur
413 1318 572 1381 auctorem
603 1317 635 1381 in
664 1336 697 1381 re
722 1316 906 1399 explicanda
929 1335 1052 1398 semper
1075 1316 1217 1399 exempla
1240 1318 1319 1382 hene

92 1406 169 1471 inter
193 1424 227 1469 se
252 1405 397 1488 opposita
421 1406 560 1471 conferre
585 1406 745 1471 studuisse
770 1409 802 1471 et
818 1405 960 1489 singulas
977 1408 1094 1489 partes,
1110 1426 1208 1489 aeque
1225 1408 1319 1488 atque

91 1496 120 1559 in
143 1495 280 1560 secunda
303 1494 439 1576 epistula
463 1495 512 1575 fit,
537 1496 707 1578 patheticis
732 1496 835 1561 verbis
860 1498 895 1561 ut
918 1497 964 1561 ita
987 1495 1091 1560 dicam
1115 1496 1318 1563 conclusisse.

91 1586 135 1650 lta
158 1587 269 1650 statim
292 1584 384 1649 initio
409 1584 565 1666 epistulae
589 1586 702 1651 tertiae
727 1585 760 1672 (ξ
785 1588 805 1650 6
830 1581 910 1669 seq.)
934 1585 1016 1649 inter
1040 1604 1074 1649 se
1098 1588 1320 1667 comparantur

90 1674 203 1754 laudes,
232 1674 345 1756 quibus
366 1674 576 1739 Athenienses
592 1676 770 1759 Lycurgum
793 1674 899 1757 ipsum
923 1674 1065 1739 affecisse
1082 1674 1195 1740 Graeci
1218 1675 1321 1740 sciant

91 1782 202 1842 cuneo,
237 1765 268 1827 et
299 1762 396 1843 ratio,
432 1782 493 1844 qua
516 1783 598 1829 nuuc
621 1765 654 1829 in
678 1765 794 1829 liberos
820 1764 887 1828 eins
912 1782 945 1828 se
969 1766 1090 1847 gerant,
1114 1784 1186 1828 cum
1210 1784 1263 1829 eos
1286 1764 1319 1829 in

92 1872 242 1918 carcerem
276 1854 308 1917 et
338 1852 464 1918 vincula
495 1853 701 1927 coniecerint;
737 1873 799 1935 qua
830 1854 868 1917 de
899 1872 994 1918 eausa
1018 1854 1159 1937 Lycurgo
1191 1854 1320 1936 eiusque

90 1942 193 2008 liberis
220 1940 478 2021 misericordiam,
503 1943 610 2008 odium
632 1942 881 2008 Atheniensibus
906 1942 1004 2010 nasei.
1052 1943 1102 2007 Ita
1126 1962 1196 2007 cum
1220 1944 1321 2009 Athe-

91 2031 243 2097 niensium
275 2031 457 2110 atrocitate,
490 2032 544 2113 qui
576 2032 614 2096 ad
647 2052 771 2097 omnem
804 2031 1034 2097 humanitatem
1064 2033 1181 2097 exculti
1204 2033 1321 2098 liberos

90 2122 268 2187 innocentes
300 2121 477 2186 innocentis
509 2121 646 2186 hominis
679 2124 711 2185 et
744 2122 781 2186 de
815 2122 890 2186 urbe
914 2122 992 2185 bene
1017 2121 1123 2186 meriti
1146 2124 1213 2187 tam
1237 2123 1321 2187 male

89 2211 309 2290 tractaverint,
339 2210 456 2275 lenitas
488 2211 628 2293 Philippi
660 2213 876 2293 comparatur,
909 2212 960 2293 qui
993 2210 1137 2292 quamvis
1169 2212 1321 2276 barbarus

91 2302 192 2366 tamen
222 2300 363 2383 captivos
387 2300 475 2383 (post
497 2300 652 2383 proelium
669 2299 905 2365 Chaeroncense
930 2300 1092 2383 dimissos)
1117 2301 1234 2365 uincire
1259 2320 1322 2366 non

93 2410 182 2455 ausus
222 2390 265 2454 sit
300 2390 331 2474 (ὅ
371 2392 408 2454 11
446 2390 536 2474 seq).
584 2389 730 2455 Ceterum
765 2390 848 2472 quod
879 2391 938 2455 hoc
968 2390 1037 2454 loco
1069 2389 1237 2473 Philippus
1268 2409 1322 2455 rer

94 2479 318 2568 ἄνοοθέτητος
348 2480 396 2546 ὢν
426 2481 558 2556 εἰκότως
587 2486 724 2568 τραφείς
754 2476 780 2566 γ’
814 2479 851 2546 ἐν
879 2479 1011 2566 ἐξουσίᾳ
1035 2479 1231 2563 depingitur,
1262 2481 1322 2545 hoc

95 2589 160 2634 curn
192 2571 328 2635 veritate
360 2589 420 2634 non
453 2571 615 2646 convenit;
649 2570 768 2652 quod
760 2588 823 2634 ram
847 2571 888 2638 H
917 2545 1048 2634 Woliius
1072 2569 1153 2634 vidit
1176 2570 1216 2634 ad
1239 2570 1322 2634 hunc

93 2659 193 2724 locum
223 2661 377 2725 annotans
401 2678 508 2742 regem
531 2619 624 2723 illuni
647 2661 883 2742 praeceptorem
906 2659 1054 2743 Lysidem
1077 2659 1322 2742 Pythagoricum

92 2749 397 2831 etcondiscipulnm
420 2749 679 2830 Epaminondam,
704 2750 807 2814 omnis
831 2748 927 2814 officii
951 2748 1136 2830 exemplum,
1160 2749 1319 2817 habuisse

91 2837 331 2941 Respiciendnm
356 2857 428 2903 vero
453 2838 549 2902 etiam
572 2838 653 2902 illud
678 2840 735 2918 est,
760 2858 832 2903 enm
855 2839 914 2903 hoc
937 2839 1050 2903 tertiae
1074 2838 1229 2920 epistulae
1249 2837 1319 2903 loco

91 2947 149 2992 non
178 2929 345 2993 convenire
370 2927 614 3010 descriptionem
638 2947 761 2993 morum
784 2927 926 3010 Philippi
950 2946 1028 3010 quae
1055 2929 1134 2991 est
1126 2946 1158 2991 rn
1183 2927 1321 2992 secunda

91 3018 235 3098 epistula.
282 3019 393 3099 Itaque
425 3019 532 3083 nostro
563 3018 632 3082 loco
663 3016 733 3081 ideo
764 3016 846 3081 illud
870 3016 1140 3103 ἀνονθέτητος
1118 3041 1166 3082 ιον
1188 3015 1322 3094 εἰκότως

91 3106 231 3172 additum
257 3125 327 3172 esse
351 3106 484 3186 videtur,
509 3125 568 3188 quo
592 3106 675 3189 regis
692 3105 873 3170 humanitas
890 3105 992 3188 magis
1009 3106 1141 3173 eluceat.
1189 3105 1270 3170 Cant
1255 3107 1320 3170 tius

92 3198 194 3262 autern
221 3199 253 3262 et
239 3197 377 3261 tmnlto
402 3196 552 3261 urbanius
578 3195 708 3260 eandem
733 3195 925 3260 sententiam
941 3195 1204 3260 Demosthenes
1195 3214 1265 3277 1pse
1288 3196 1321 3260 in

92 3303 132 3353 or.
156 3287 194 3351 de
220 3305 282 3354 cor.
307 3285 417 3351 habita
441 3285 458 3368 ἓ
484 3287 526 3350 68
551 3284 698 3368 exprimit
720 3285 823 3350 hisce:
847 3283 989 3361 οὐδεὶς’
969 3309 1012 3350 αν
1028 3284 1135 3350 εἰπεῖν
1151 3284 1319 3398 wadripont,

91 3373 132 3452 ὡς
148 3383 194 3462 uqi
218 3376 281 3460 μὲν
304 3374 340 3441 ἒν
364 3375 474 3462 Πέλλῃ
499 3380 667 3463 τραφέντι,
692 3379 799 3462 χωρία
824 3373 929 3460 ἀδόξῳ
954 3380 1027 3440 τότε
1053 3369 1080 3460 γ’
1102 3375 1174 3439 ὄντι
1197 3375 1252 3438 καὶ
1266 3400 1321 3457 μι-

88 3471 162 3571 apri,
189 3469 356 3552 τοσαύτην
379 3464 632 3550 μεγαλοψυχίαν
657 3474 823 3574 προσῆκεν
844 3462 1049 3558 εγνενέσθαι,
1075 3463 1159 3529 ὥστε
1182 3474 1240 3549 τῆς
1254 3471 1323 3529 τῶν

88 3547 287 3642 Ελλήνων
269 3565 368 3642 αρχῆς
384 3553 502 3636 ἐπιθυμ
478 3563 649 3667 αμῆοαι-
654 3553 765 3636 ,ὑμῖν
789 3549 920 3619 ὁόὐοιν
934 3551 1076 3641 Αθηναί
1077 3577 1126 3630 οις
1143 3589 1182 3598 -
1200 3555 1321 3618 τοσαύ-

92 3667 150 3729 την
168 3648 287 3709 κακίαν
302 3643 488 3729 rrruo'rpgou,r
471 3643 555 3708 ὥστε
568 3653 625 3731 τῆς
636 3607 883 3728 ἐνενθερίας-
900 3653 1137 3730 παραχωρῆσαι
1150 3641 1226 3707 orti
1214 3646 1320 3728 iuno).

91 3731 132 3796 Ut
155 3752 230 3797 vero
255 3733 293 3797 ad
317 3733 430 3798 tertiae
455 3732 538 3814 epist
524 3733 610 3797 tulae
633 3732 738 3796 locum
762 3733 937 3809 redeamus,
962 3732 1138 3796 addendum
1163 3733 1212 3796 est
1236 3751 1322 3796 com-

92 3822 254 3932 paratione
286 3822 343 3887 illa
374 3822 513 3903 perfecta
479 3823 625 3886 thano
648 3823 771 3904 partem
795 3820 841 3885 ita
863 3783 964 3885 finiri:
997 3819 1094 3886 οὐδὲν
1117 3819 1323 3908 ἀθλιώτερον

93 4000 251 4065 sententia
274 4000 381 4083 paullo
406 3999 487 4064 infra
511 3999 662 4081 exemplis
686 3999 876 4068 illustratur

198 4091 383 4154 inseruntur
412 4091 517 4154 autem
541 4091 606 4154 tres
630 4089 820 4171 paragraphi
843 4087 937 4174 (16-
938 4085 1012 4174 18),
1037 4088 1149 4170 quibus
1174 4087 1212 4154 de
1235 4089 1324 4154 Moe·

93 4178 176 4244 rocle
201 4178 317 4262 agitur.
365 4176 700 4262 Comparantinterur
724 4197 757 4242 se
781 4178 858 4243 haec
882 4178 952 4257 duo,
974 4177 1128 4260 quomodo
1146 4196 1220 4261 erga
1236 4179 1324 4242 Moe·

94 4269 270 4334 roclemt
226 4268 254 4332 A
256 4266 437 4333 thenienses
462 4268 623 4352 egerinte
608 4267 852 4371 etquomodo
842 4287 911 4350 ipse
932 4270 1041 4333 contra
1055 4267 1173 4332 liberos
1189 4267 1324 4350 Lycurgi

97 4359 204 4440 egerit
252 4358 290 4424 A.
307 4357 464 4422 Moerocle
490 4359 584 4438 enim,
606 4357 761 4440 cumipse
779 4376 850 4421 cum
867 4356 1081 4440 compluribus
1098 4357 1170 4422 aliis
1186 4356 1323 4421 traditus

1076 4461 1113 4520 3*
