3175 4925
692 332 735 399 39

631 426 792 437 ..—--.-

104 522 226 611 eputari
252 527 429 610 ἐπιτιμῶσι
454 540 595 612 πικρῶς,
629 556 674 608 ως
704 530 762 596 οὐκ
794 532 837 597 ἂν
867 532 1065 619 τολμήσαιμι
1092 536 1235 623 γράφειν
1258 532 1330 619 ἐγώ.

104 620 279 700 lterumque
303 619 413 683 auctor
436 620 550 684 confite
551 621 603 684 tur
637 640 671 685 se
696 620 812 685 civium
843 621 994 686 utilitatis
1019 641 1114 687 eausa
1138 628 1332 713 (συμφέρειν

104 708 177 791 ὑμῖν
199 732 261 792 νομ
264 713 344 795 έζων
368 707 499 787 εἰδέναι)
525 709 608 792 epist
594 709 694 775 tulam
715 710 842 775 misisse
868 711 899 794 (ἕ
917 708 960 796 Ι).
1007 709 1150 777 Tertium
1173 712 1258 777 idem
1282 731 1332 777 se-

105 798 216 880 quitur:
248 796 359 864 too’
338 803 515 885 ακηκοέναι
547 822 600 883 συ
588 824 793 887 ιφέρειν
761 799 841 883 ὑμῖν
870 801 1027 887 ἡγοῦμαι,
1061 810 1166 867 ταῦτα
1196 802 1331 889 δηλώσω

104 888 131 969 (5
155 889 195 965 8).
242 888 298 951 Bis
334 888 432 951 etiam
468 888 678 954 Athenienses
714 889 922 955 admonentur
957 892 989 954 et
1024 891 1109 977 πρὸς
1139 892 1177 955 τὸ
1206 892 1333 960 δίκαιον

103 976 235 1043 ἀκοῦσαι
258 977 289 1060 (ξ
316 974 347 1060 l)
379 976 458 1041 et‘
441 1000 523 1061 error
525 989 622 1045 τεῖναι
652 978 782 1067 τάληθῆ
806 980 861 1044 καὶ
884 982 925 1044 τὰ
948 979 1097 1045 δίκαια’
1079 983 1212 1047 ακούειν
1236 981 1265 1063 (ξ
1289 982 1331 1057 5).

103 1066 154 1131 Bis
177 1066 338 1132 dieitur
317 1086 374 1145 us,
400 1066 452 1148 qui
476 1087 548 1133 vere
580 1088 598 1133 a
625 1069 734 1151 populi
757 1071 847 1150 parte
871 1070 974 1148 stent,
999 1070 1087 1134 nulla
1111 1070 1193 1135 dona
1223 1089 1333 1152 exspe-

103 1155 212 1221 sanna
238 1174 308 1220 esse
333 1156 363 1239 (ὅ
384 1158 433 1235 3):
459 1156 527 1223 ἀπὸ
551 1160 611 1271 γὰρ
635 1167 703 1224 τῶν
727 1157 890 1225 ἐναντίων
913 1162 1026 1225 πάντα
1050 1161 1091 1224 τὰ
1112 1168 1249 1224 τοιαῦτα
1268 1159 1333 1246 ένί-

102 1269 191 1330 ννιτο
217 1248 249 1310 et
273 1246 303 1328 (ξ
324 1247 376 1323 4):
401 1250 507 1312 καίτοι
524 1249 643 1334 παρὼν
660 1247 744 1335 sepo
761 1248 866 1332 τοὺςη
867 1249 916 1314 rin
932 1253 1165 1336 βοηθήσοντας
1180 1256 1226 1333 aqi
1243 1249 1293 1337 (ieje
1294 1274 1333 1334 ιη

102 1334 254 1412 ἀσθενεῖς
277 1333 334 1401 ἐπὶ
358 1348 427 1413 τοῖς
450 1359 492 1402 συ
492 1339 724 1423 μμεβηκόσιν”
706 1361 813 1418 οντας,
832 1338 910 1414 τοὺς
933 1338 968 1403 δέ
981 1337 1148 1403 τάναντία
1165 1342 1333 1421 πράσιον

104 1449 158 1502 τας
179 1426 264 1489 κατὰ
289 1424 439 1490 πάντα
425 1450 520 1513 ερρυη
508 1430 644 1509 μένους,
678 1426 710 1491 id
742 1426 825 1509 quod
857 1428 952 1491 etiam
976 1428 1009 1491 in
1033 1427 1170 1493 secunda
1198 1427 1334 1509 epistula

103 1514 260 1579 similibus
284 1514 389 1579 verbis
418 1515 550 1580 dieitur:
583 1521 689 1582 καίτοι
721 1520 834 1582 πάντα
865 1511 963 1581 ταῦθ’
996 1516 1109 1604 ἑώρων
1139 1516 1334 1603 ὑπάρχοντα

101 1616 165 1681 τοῖς
197 1598 276 1670 καθ’
314 1628 409 1686 υμιυν
443 1606 657 1689 βουλομένοις
692 1606 933 1671 πολιτεύεσθαι
964 1613 1024 1689 (ep.
1056 1608 1096 1686 ΙΙ,
1125 1609 1168 1684 6).
1215 1605 1334 1673 Eadem

102 1694 296 1759 sententia
287 1713 321 1758 111
352 1694 447 1759 tertia
480 1694 617 1776 epistula
640 1697 688 1759 ter
711 1695 875 1777 repetitur
922 1698 979 1779 Ep.
1005 1696 1062 1775 ΙΙΙ,
1089 1658 1130 1761 lh
1161 1695 1226 1760 fere
1249 1695 1334 1760 idem

101 1782 232 1858 dieitur;
257 1782 365 1864 paullo
388 1784 470 1850 intra
493 1783 552 1849 hoe
577 1784 709 1848 iteratur
733 1786 762 1867 (ξ
788 1783 862 1870 23);
895 1786 977 1867 quod
1000 1787 1166 1867 propterea
1189 1785 1235 1863 fit,
1260 1784 1335 1867 quia

101 1874 206 1938 auetor
232 1870 271 1940 ad
294 1872 339 1951 id,
363 1874 446 1955 quod
469 1875 561 1938 antea
585 1874 733 1953 ostendit,
757 1874 849 1943 redit.
898 1873 988 1954 Quod
1012 1894 1083 1939 vero
1103 1874 1221 1957 legitur
1237 1875 1255 1957 ξ
1274 1875 1330 1939 23:

100 1974 165 2039 τοῖς
186 1964 251 2046 μὲν
274 1962 404 2077 ἄλλ-ην
400 1966 475 2028 τινὰ
498 1968 715 2050 κτησαμένοις
739 1964 811 2051 φιλέ
812 1988 854 2029 αν
877 1966 932 2029 καλ
945 1970 1172 2050 κατορθοῦσιν
1196 1962 1233 2030 ἐν
1250 1972 1335 2029 πᾶσι

101 2053 312 2119 πλεονεκτεῖν
335 2056 486 2156 υπαρχει,
512 2051 596 2117 idern
621 2053 773 2135 exemplis
798 2052 959 2118 nonnullis
986 2052 1120 2136 prolatis
1145 2054 1282 2118 retracta
1283 2055 1335 2117 tur

101 2142 155 2205 sub
187 2141 291 2206 forms
326 2140 473 2207 adhortat
426 2141 574 2206 ttionis:
609 2144 653 2230 μη
685 2146 801 2208 τοίνυν
831 2143 868 2207 τὸ
891 2147 1079 2245 κτήσασθαι
1111 2167 1172 2231 την
1206 2140 1335 2226 έξιοθεν

102 2232 216 2332 φιλίαν
240 2233 291 2296 oet
318 2231 348 2315 (ἓ
365 2232 432 2315 27),
479 2229 608 2296 Totiens
634 2231 778 2315 singulae
796 2231 971 2297 sententiae
987 2250 1085 2315 paene
1100 2232 1214 2297 iisdem
1230 2232 1334 2297 verbis

100 2320 271 2386 iterantur!

204 2410 341 2477 Omnino
365 2409 428 2484 loei
451 2410 585 2476 interae
609 2410 730 2477 similes
748 2410 886 2477 cuiusuis
904 2410 1027 2495 generis
1047 2412 1139 2477 nohis
1156 2411 1333 2480 ooourrunt.

100 2499 195 2566 Siout
171 2503 199 2566 ΙΙ
225 2519 333 2566 omnes
350 2498 462 2565 Graeci
479 2501 593 2580 omnia,
611 2520 690 2582 quae
706 2501 938 2568 Demosthenes
954 2501 1156 2584 perfecerit'
1147 2520 1180 2566 1n
1197 2500 1335 2566 secunda

100 2590 237 2672 epistula
269 2591 390 2667 sciunt,
423 2589 508 2654 ita
499 2609 531 2654 1n
556 2552 652 2667 tertia
675 2591 813 2673 epistula
837 2593 959 2671 omnia,
991 2609 1070 2673 quae
1094 2591 1132 2657 ad
1156 2592 1334 2674 Lycurgum

98 2699 151 2762 per
152 2681 268 2759 tinent,
282 2641 395 2745 Graeci
408 2699 515 2744 omnes
529 2681 682 2745 neverunt
695 2680 744 2759 (ef.
762 2700 810 2762 ep.
824 2681 865 2760 ΙΙ,
878 2683 953 2765 4:
941 2706 986 2791 μη
1002 2683 1113 2767 γὰρ-
1127 2704 1205 2756 τους
1216 2680 1336 2757 ἀλλους

92 2767 294 2882 ‘heuneus’
276 2780 409 2854 αγνοεῖν
425 2774 574 2855 νομίζετε
589 2765 671 2883 pensi
681 2769 901 2883 έπιλελησθαι
916 2795 984 2837 των
1000 2769 1027 2853 ip
1028 2772 1072 2835 ιοὶ
1015 2793 1235 2857 ρπεπραηη
1224 2774 1335 2852 μένων

99 2857 233 2947 υπὲρε
217 2883 312 2942 υμιυν
345 2861 377 2924 et
408 2877 456 2940 ep.
480 2847 538 2938 ΙΙΙ,
514 2860 601 2924 16:
633 2857 740 2936 οὐδεὶς
770 2861 831 2947 γὰρ
856 2868 924 2925 τῶν
943 2854 1151 2946 Ἑλλήνων)
1132 2869 1258 2944 αγνοεῖ,
1284 2859 1335 2923 ὅτι

101 2955 211 3062 ζφντα
235 2956 439 3056 Λυκουργον
463 2943 593 3032 έτιμᾶθ
627 2947 736 3031 υμεῖς,·
769 2949 807 3016 of.
840 2948 937 3014 etiam
968 2968 1012 3016 or.
1038 2951 1089 3027 18
1092 2949 1222 3013 202
1203 2950 1335 3036 τέςνὰρ

100 3039 157 3104 οὐκ
182 3033 272 3104 οἶδεν
292 3032 465 3124 Ἑλλήνιον,
492 3043 541 3114 τίς
512 3038 599 3102 raa
616 3041 817 3191 βαρβάρων).
797 3037 984 3115 >Eadem
1008 2999 1106 3101 simili
1109 3037 1184 3101 tudo
1212 3036 1335 3118 patefit,

101 3127 230 3193 eumin
252 3126 314 3192 fine
339 3126 534 3208 singularum
558 3130 630 3209 part
631 3127 706 3205 ium,
729 3127 763 3190 in
788 3146 866 3209 quas
890 3127 985 3190 tertia
1002 3126 1139 3208 epistula
1157 3125 1261 3191 divisa
1278 3128 1336 3205 est,

101 3236 243 3300 semper,
278 3219 315 3293 ut
346 3234 440 3298 supra
472 3215 625 3293 vidimus,
660 3215 748 3281 loeus
785 3215 883 3298 aliqui
915 3216 1089 3280 eommunis
1122 3214 1211 3279 addit
1197 3217 1249 3279 tus
1283 3215 1336 3282 sit.

101 3305 257 3372 Nonnulli
279 3304 393 3370 horum
416 3305 557 3370 locorum
581 3305 676 3371 etiam
702 3305 805 3370 verbis
829 3307 962 3370 interae
980 3308 1054 3370 sunt
1070 3304 1238 3373 simillimi.
1278 3305 1335 3386 lup.

100 3397 156 3474 ΠΙ,
178 3397 225 3461 -18
249 3394 308 3460 hos
333 3396 420 3460 exsta
421 3396 451 3459 i·
483 3394 588 3480 έμὼι
589 3396 638 3461 λιν
669 3394 727 3460 οὐκ
752 3393 814 3476 ’έχω
847 3395 1125 3480 συλλογί,σασθαι
1159 3394 1187 3459 εἰ
1216 3396 1260 3481 μὴ
1283 3396 1338 3458 καὶ

101 3509 201 3552 τουτο
233 3484 335 3568 δεῖξαι
370 3485 421 3571 ‘iit
423 3489 509 3570 ιοσλη
538 3420 768 3567 βο8λεσθε,ὃ
764 3485 803 3549 τι
832 3484 964 3571 βδελυρέ
965 3511 986 3549 α
952 3484 1120 3550 iaei’
1102 3489 1180 3549 αναί
1168 3483 1250 3548 iriam
1284 3485 1339 3548 καὶ

102 3581 294 3662 προαίρεσις
317 3573 516 3660 πονηρίας)
503 3598 540 3639 εν
563 3599 602 3662 τη
619 3574 741 3639 πόλει)
730 3577 844 3656 ισχύει.
893 3572 983 3654 Quod
1006 3575 1066 3639 hou
1088 3574 1158 3638 loeo
1179 3571 1242 3636 (le
1233 3592 1338 3654 impu·

102 3664 211 3729 dentis
234 3662 313 3728 dieit
298 3665 360 3743 t,ur
385 3663 484 3728 altero
510 3663 645 3745 quodam
667 3664 738 3728 loeo
763 3663 801 3727 de
824 3662 945 3728 invidia
969 3663 1034 3728 diet
1020 3665 1089 3728 tum
1112 3661 1264 3745 legimus,
1289 3681 1337 3744 ep

101 3754 159 3833 ΙΙ,
185 3754 245 3818 28:
279 3753 363 3830 ὅλως
393 3753 428 3818 δὲ
458 3751 617 3819 κοινόν>
604 3775 695 3818 εστιν
718 3752 883 3830 σ’νειδος(
867 3756 1094 3818 απάντιυν-
1119 3752 1179 3816 τὸν
1203 3756 1339 3838 φθόνον

102 3804 212 3908 (istisin
241 3841 397 3928 μεῖζον’
386 3845 512 3923 ισχύειν
544 3837 687 3927 παρ’,ι
653 3866 687 3924 υη
688 3854 733 3907 ιῖν
764 3843 783 3928 ἢ
808 3844 867 3918 τας
898 3866 966 3907 των
989 3841 1183 3927 ευεργεσιων
1205 3844 1341 3928 χάριτας

101 3935 156 3996 καὶ
179 3940 287 3996 ταῦτα
311 3954 415 4014 τουμ
408 3932 456 3996 ιέν
479 3935 666 4017 νοσήματος
689 3931 786 4007 ὄντος
810 3967 861 3995 -.
909 3930 1056 3996 assuerum
1084 3929 1236 3994 hocloco
1262 3929 1340 3994 dua-

102 4040 173 4086 rum
199 4039 302 4085 rerum
326 3957 437 4085 mihi
429 4041 462 4085 1n
486 4022 625 4084 mentem
649 4019 744 4099 venit,
768 4019 907 4101 primum
931 4019 1058 4102 quidem
1073 4019 1236 4097 formulae,
1261 4037 1340 4100 quae

104 4112 153 4176 est
176 4111 232 4174 καὶ
255 4117 376 4191 ταῦτα,
410 4112 458 4174 ter
489 4109 522 4174 in
553 4109 648 4173 tertia
677 4109 815 4191 epistula
838 4109 871 4173 in
894 4109 956 4173 fine
981 4109 1179 4192 singularum
1201 4107 1341 4190 partium

103 4199 275 4266 adhibitae.
322 4199 452 4263 Praeter
473 4199 578 4263 laeum
602 4197 695 4262 modo
719 4197 885 4263 laudatum
907 4198 1026 4282 legitur
1049 4199 1145 4282 §222
1170 4199 1224 4262 καὶ
1247 4193 1338 4261 ταῦτ’

105 4289 151 4366 εἰς
174 4289 253 4364 τοὺς
277 4288 399 4365 παῖδας
422 4287 526 4354 αὐτοῦ
550 4311 611 4363 -;
635 4287 767 4352 tertium
791 4289 897 4352 autem
921 4287 982 4352 fine
1008 4288 1107 4352 totius
1130 4286 1195 4351 fere
1220 4286 1340 4368 epistu-

104 4376 164 4457 lae,
191 4377 245 4442 ubi
268 4377 501 4442 Demosthenes
527 4379 559 4441 et
574 4377 749 4460 Aristogito
774 4376 859 4441 inter
882 4395 916 4440 se
933 4377 1153 4442 conteruntur:
1177 4377 1232 4440 καὶ
1247 4371 1338 4440 ταῦτ’
