3175 4925
825 298 986 398 —qr—

293 492 525 558 conoedeudum
551 513 625 559 saue
651 496 710 561 erit
733 496 801 561 lieri
824 496 982 579 potuisse,
1006 496 1043 559 ut
1066 493 1173 559 Cicero
1198 493 1324 577 quidem
1349 496 1429 560 alias
1455 496 1528 579 epi-

292 584 394 647 stulas
419 584 458 647 ad
482 586 606 650 nostros
631 584 697 651 dies
719 605 780 651 non
798 588 938 651 servatas
953 584 1077 668 legerit,
1094 584 1220 649 etiamsi
1237 586 1302 649 veri
1319 586 1527 650 simillimum

292 691 361 737 6666
385 673 467 737 infra
491 673 667 739 videbimus
693 676 835 758 quintam
860 695 976 753 earum,
1001 693 1078 757 quas
1103 693 1159 738 uos
1182 674 1346 753 habemus,
1369 678 1402 740 in
1419 676 1527 740 maui-

290 763 349 827 bus
380 770 408 827 ei
439 764 547 832 fuisse.
599 764 659 829 Sed
691 766 850 848 plerisque
875 784 952 850 quos
977 764 1289 829 commemoravimus
1314 766 1526 848 scriptoribus

291 853 468 935 complures
501 872 607 918 earum
640 855 865 937 epistularum,
901 874 979 938 quae
1011 873 1093 917 nunc
1124 855 1264 932 exstant,
1299 856 1391 919 notas
1422 856 1527 919 fuisse

290 941 443 1016 uidemus,
468 962 538 1007 curn
562 962 624 1007 non
648 945 741 1009 modo
766 946 908 1028 singulas
932 963 1033 1022 voces,
1058 943 1114 1007 sed
1130 943 1226 1007 etiam
1242 944 1328 1009 totas
1345 945 1527 1009 sententias

292 1031 502 1111 servaverint,
528 1052 606 1113 quae
632 1033 728 1099 etiam
752 1036 890 1099 nuncin
915 1034 1061 1117 epistulis
1080 1033 1238 1114 leguntur.
1286 1034 1397 1115 Neque
1414 1036 1527 1098 tamen

291 1140 398 1186 omnes
424 1140 486 1200 661,
511 1142 589 1203 quae
613 1122 748 1188 traditae
772 1126 856 1203 sunt,
881 1124 1173 1200 commemorantur,
1198 1124 1253 1187 sed
1271 1144 1307 1188 61
1323 1124 1402 1187 66116
1418 1125 1526 1188 tribus

289 1210 446 1294 prioribus
478 1212 541 1276 loci
573 1213 700 1293 quidam
732 1214 931 1297 proferuntur
955 1216 987 1277 et
1010 1232 1048 1276 61
1071 1214 1182 1295 quarta
1206 1213 1343 1296 epistula
1366 1233 1426 1278 161
1449 1233 1525 1280 una.

290 1300 380 1379 Quod
406 1300 530 1383 quidem
556 1303 671 1365 mirum
695 1303 773 1367 mihi
798 1323 859 1368 non
884 1303 1016 1379 videtur,
1041 1303 1188 1384 quoniam
1211 1304 1277 1367 tres
1300 1303 1376 1366 illae
1402 1304 1526 1385 epistu-

288 1391 339 1454 lae
374 1390 475 1454 multo
513 1393 544 1455 61
578 1392 735 1475 longiores
773 1395 805 1457 et
835 1392 1081 1476 praestantiores
1113 1392 1187 1455 sunt
1218 1392 1341 1459 ceteris.
1398 1392 1526 1456 Deinde

290 1481 405 1557 autem,
431 1499 501 1544 cum
525 1482 668 1546 nonnulli
694 1482 900 1565 epistularum
927 1483 990 1547 loci
1014 1500 1032 1545 a
1055 1482 1271 1564 grammaticis
1295 1482 1525 1564 vituperentur,

289 1570 396 1633 tamen
420 1588 458 1632 ne
482 1590 579 1633 unum
604 1571 730 1653 quidem
755 1574 913 1637 auctorem
939 1571 1110 1654 quidquam
1134 1570 1236 1635 dicere
1260 1571 1415 1647 videmus,
1438 1571 1526 1635 unde

291 1678 361 1723 eum
393 1658 431 1722 de
463 1660 624 1741 epistulis*
641 1662 708 1725 iure
732 1662 940 1726 Demostheni
973 1659 1149 1725 tribuendis
1173 1660 1318 1742 dubitare
1342 1661 1525 1743 colligatur.

289 1749 399 1829 ltaque
422 1750 544 1813 1616166
569 1750 606 1813 de
630 1750 691 1815 fide
716 1752 924 1834 epistularum
947 1770 1009 1815 non
1033 1750 1197 1813 dubitasse
1221 1751 1361 1833 apparet.

396 1838 470 1901 Veri
495 1840 600 1902 autem
625 1840 730 1905 simile
755 1842 804 1904 661
827 1841 884 1905 has
909 1858 1032 1922 quoque
1056 1839 1209 1922 epistolas
1233 1859 1295 1904 uon
1319 1858 1411 1903 secus
1428 1840 1525 1921 atque

290 1927 447 1991 orationes
471 1928 694 1993 Demosthenis
720 1930 887 2013 diligentia
909 1929 1191 1995 Alexandrinorum
1219 1929 1370 1993 collectas
1395 1931 1428 1993 et
1453 1948 1526 1994 ora-

289 2016 428 2080 tionibus
461 2036 595 2081 6116166
629 2038 707 2087 esse.
755 2019 857 2098 Quare
888 2020 921 2083 in
955 2018 1115 2083 codicibus
1143 2018 1367 2101 manuscriptis
1384 2021 1526 2101 excepto

288 2106 432 2170 ‚Parisino
456 2107 512 2171 illo
537 2113 566 2170 Σ
584 2108 694 2173 1111616
710 2110 835 2192 signato
852 2109 1001 2173 ultimum
1019 2109 1123 2173 locum
1141 2108 1294 2185 obtinent,
1310 2109 1341 2171 in
1360 2108 1525 2172 nonnullis

288 2198 394 2259 tamen
425 2196 543 2261 maiore
570 2216 605 2261 61
637 2201 725 2281 parto
749 2199 917 2263 mutilatae
941 2200 1031 2275 suut,
1063 2197 1097 2261 id
1121 2197 1204 2279 quod
1227 2197 1259 2260 in
1283 2198 1346 2261 fine
1369 2198 1526 2262 librorum

288 2285 381 2349 166116
414 2285 482 2350 fieri
506 2286 621 2368 potuit.
668 2289 756 2353 Unus
780 2289 837 2352 ille
861 2288 957 2352 codex
981 2288 1144 2352 Parisinus
1169 2286 1322 2369 epistulas
1346 2287 1428 2351 inter
1453 2306 1526 2353 ora-

287 2374 390 2439 tiones
422 2376 464 2440 35
497 2377 529 2439 et
560 2376 619 2453 21,
655 2377 738 2442 intel·
770 2378 1043 2466 παραγραφικοὺς
1073 2378 1106 2440 61
1136 2374 1373 2463 ἐπιτροπικοὺς
1403 2376 1524 2461 λόγους

287 2465 422 2530 insertas
446 2466 551 2534 habet.
599 2466 688 2545 Quod
713 2469 766 2550 qui
789 2469 908 2532 factum
932 2469 990 2545 sit,
1023 2467 1072 2535 W.
1098 2466 1243 2531 Christus
1256 2467 1278 2544 l)
1303 2466 1522 2532 demonstrare

288 2556 427 2622 conatur.
473 2557 519 2619 Ex
550 2557 683 2621 seruatis
716 2559 798 2622 enim
829 2576 975 2621 versuum
999 2557 1138 2621 numeris
1162 2557 1195 2620 et
1217 2555 1521 2639 praescriptionibus

288 2645 320 2708 61
344 2645 628 2728 subscriptionibus
654 2647 769 2711 conicit
789 2666 825 2711 eo
841 2649 991 2729 tempore,
1009 2665 1069 2729 quo
1086 2645 1225 2710 nondum
1242 2646 1377 2710 maiores
1394 2645 1521 2710 codices

288 2733 393 2798 omnia
417 2753 510 2817 opera
526 2736 749 2800 Demosthenis
774 2736 982 2815 continentes
1007 2735 1063 2799 sed
1087 2735 1214 2818 singula
1230 2735 1340 2818 papyri
1356 2735 1522 2800 volumina

288 2824 483 2902 exstiterint,
516 2825 741 2889 Demosthenis
767 2827 886 2908 scripta
909 2826 941 2889 in
966 2845 1019 2890 661
1043 2827 1149 2908 partes
1174 2824 1275 2888 divisa
1298 2825 1414 2899 fuisse3
1447 2844 1522 2889 cum

287 2932 358 2977 1616
390 2914 533 2996 singulae
557 2916 663 2996 partes
686 2914 720 2977 in
744 2935 841 2979 onum
866 2911 1222 3001 1611111111(πανδέκτης)
1246 2914 1520 2996 coniungerentur,

286 3002 379 3066 facile
410 3002 478 3066 fieri
507 3003 665 3090 potuisse,
697 3006 733 3068 ut
756 3005 878 3069 scribae
902 3005 1054 3086 quasdam
1078 3005 1183 3087 partes
1207 3003 1287 3068 falso
1312 3004 1399 3082 loco,
1431 3004 1522 3069 velut

288 3092 441 3175 epistulas
466 3093 693 3158 intermedias
718 3095 876 3159 orationes
901 3093 1093 3159 collocarent
1116 3099 1158 3176 (p.
1184 3093 1383 3170 213-215).

393 3181 475 3247 Ordo
509 3183 716 3266 epistularum
748 3185 843 3267 vulgo
874 3184 1011 3249 traditus
1044 3202 1105 3264 qua
1135 3184 1257 3247 ratione
1281 3183 1402 3246 nitatur
1425 3182 1521 3264 plane

286 3291 348 3336 non
371 3271 570 3354 intellegitur
593 3292 693 3356 noque
716 3293 789 3338 vero
814 3293 926 3338 causas
950 3273 1104 3350 novimus,
1131 3291 1185 3336 cur
1207 3273 1240 3336 in
1260 3271 1367 3336 codice
1383 3276 1412 3334 Σ
1425 3271 1521 3336 aliter

286 3363 380 3442 atque
403 3362 436 3424 in
460 3361 590 3444 reliquis
614 3363 705 3427 libris
722 3363 947 3446 manuscriptis
965 3362 1120 3446 epistulae
1135 3362 1302 3425 tradantur
1316 3361 1376 3425 hoc
1392 3360 1519 3425 ordine:

285 3451 310 3529 l,
335 3451 388 3530 lV,
412 3451 452 3530 ll,
476 3451 513 3529 V,
537 3452 593 3530 llI,
623 3454 711 3516 66116
735 3455 840 3517 auteur
866 3452 1003 3535 epistula
1027 3451 1124 3518 deest.
1172 3451 1310 3531 Uterque
1335 3449 1409 3514 ordo
1433 3451 1521 3515 iusta

286 3540 406 3604 ratione
439 3542 533 3608 caret.
581 3541 664 3606 Nam
688 3543 716 3606 si
741 3561 793 3606 eos
818 3541 1021 3624 respicimus,
1056 3541 1095 3605 ad
1119 3559 1196 3623 quos
1221 3540 1376 3623 epistulae
1400 3540 1520 3604 missae

286 3631 377 3708 sunt,
409 3630 456 3695 116
480 3632 554 3694 suut
577 3631 799 3710 secernendae,
823 3633 867 3709 ut,
892 3651 962 3694 cum
985 3631 1125 3712 reliquae
1149 3631 1285 3712 quinque
1309 3629 1349 3693 ad
1372 3630 1520 3693 senatum

284 3719 497 3803 populumque
517 3719 745 3784 Atheniensem
770 3721 905 3803 scriptae
930 3720 1004 3800 sint,
1028 3720 1139 3802 quinta
1162 3719 1300 3801 epistula
1324 3718 1520 3801 singularem

285 3809 389 3873 locum
413 3811 563 3888 obtineat,
588 3812 698 3892 utpote
722 3829 801 3893 quae
825 3810 864 3874 ad
887 3810 1047 3874 homiuem
1071 3809 1230 3890 priuatum
1246 3807 1320 3872 data
1337 3808 1389 3875 611.
1435 3808 1519 3872 Rec-

284 3897 349 3962 tius
381 3901 487 3964 autem
519 3899 659 3964 ordinem
692 3899 899 3983 epistularum
932 3918 967 3963 61
998 3901 1155 3980 tempore,
1188 3917 1247 3980 quo
1273 3898 1409 3980 scriptae
1433 3899 1519 3977 sunt,

286 3989 523 4057 constituemus.
556 3990 639 4067 ,Hac
658 3989 780 4054 ratione
796 3989 928 4071 probata
943 3990 1080 4071 primum
1097 3989 1202 4052 locum
1218 3988 1345 4068 quintae
1363 3987 1520 4068 epistulae

395 4186 417 4247 1)
439 4184 491 4238 Die
504 4183 731 4254 Atticnsansgabe
745 4184 792 4238 des
805 4185 1010 4253 Demosthenes,
1024 4185 1068 4238 ein
1081 4185 1193 4254 Beitrag
1206 4200 1252 4236 1111
1263 4183 1520 4251 Teuteagesohichte

285 4271 332 4326 des
351 4271 459 4340 Autors,
477 4273 610 4328 Abhandl.
637 4275 684 4328 der
701 4274 735 4327 Κ.
754 4273 828 4344 bayr.
847 4273 991 4328 Academie
1016 4275 1062 4328 der
1080 4273 1169 4341 11166,
1188 4272 1393 4343 philos-philol.
1414 4269 1517 4342 Classe,

287 4363 319 4414 16
338 4361 397 4430 Bd,
416 4362 466 4416 III.
486 4361 614 4428 Abtheil,
633 4381 660 4433 p.
681 4365 830 4418 155-234.
