3175 4925
442 348 746 445 .··.:·..:=·.:.···-·:÷÷
789 339 928 433 {aas

240 541 283 609 24
306 542 384 607 haec
406 540 557 605 inveniri:
583 542 682 629 όηλσν
705 540 759 619 ὡς
781 541 858 608 odda
877 542 915 606 τό
931 541 1048 607 όσῦναι
1063 542 1305 627 συγκεχώρηται
1321 542 1355 606 et
1370 542 1473 629 δῆλον

239 632 400 700 ἐντεῦθεν
423 627 508 697 εἶναι
531 628 583 708 ὡς
605 630 664 695 orire
688 630 823 697 ἐκείνων
846 630 941 697 ἕνεκα
957 632 1017 696 τὸν
1036 634 1142 714 νόμον
1164 630 1334 718 εἰσέφερεν
1357 630 1471 708 αῦτός.

239 723 397 787 Inusitata
424 721 501 785 haee
529 739 650 803 quoque
681 720 800 787 locutio
831 723 896 787 est:
932 725 1103 808 γεννήσεται
1133 720 1234 807 όηλον
1264 718 1310 797 ὡς
1338 722 1472 808 σφόδρα

239 813 288 878 όεῑ
313 812 410 876 λῦσαι
432 829 475 878 or.
501 812 629 889 23,141
656 810 865 893 similiterque
888 811 907 895 ἓ
932 811 1003 876 162.
1049 810 1216 875 Praeterea
1239 812 1346 874 autem
1368 811 1472 897 δῆλον

239 922 310 968 eum
341 898 386 977 ὡς
416 902 448 964 et
478 900 642 983 participio
674 901 876 965 coniunctum
907 900 1065 983 imprimis
1096 898 1178 981 apud
1208 901 1319 981 poetas
1342 901 1470 983 saepius

238 990 372 1057 inveniri
407 991 515 1054 notum
552 994 617 1070 est,
652 992 688 1055 ut
723 989 820 1055 etiam
855 990 937 1074 apud
968 989 1213 1055 Demosthenem
1249 1008 1293 1057 or.
1327 991 1378 1068 23,
1403 992 1470 1055 118

239 1081 365 1148 ἐκεῖνον
396 1078 601 1167 ἐποιήσασθε
633 1081 773 1167 πολίτην
804 1080 904 1167 όηλσν
935 1079 979 1157 ὡς
1008 1072 1079 1144 κατ’
1109 1078 1235 1144 ἐκεῖνον
1265 1079 1326 1144 τόν
1347 1083 1471 1166 χρόνον

239 1171 361 1238 εῦνσυν
391 1169 566 1257 ἡγούμενοι
596 1171 650 1234 καί
684 1171 802 1257 φίλους
834 1170 873 1237 cf.
905 1171 977 1253 Lys.
1005 1170 1055 1248 12,
1079 1170 1123 1234 90
1153 1169 1244 1256 dulor
1275 1167 1393 1235 ἔσεσθε
1425 1168 1472 1245 ὡς

240 1261 442 1348 ὀργιζόμενοι
466 1271 535 1335 τοῖς
559 1264 816 1347 πεπραγμένοις.

346 1351 403 1431 Ep.
427 1348 465 1427 V,
489 1350 511 1413 4
533 1348 682 1431 leguntur
704 1349 798 1413 haec:
830 1352 851 1414 ἃ
882 1349 920 1436 όη
952 1348 1201 1432 ὑπολαμβάνων
1229 1353 1471 1435 παρεωρᾶσθαι

239 1443 293 1507 καὶ
318 1443 576 1526 πεφενακίσθαι.
623 1438 760 1504 Maxime
784 1440 892 1503 autem
925 1438 1056 1504 offendit
1078 1456 1153 1516 nos,
1184 1438 1269 1519 quod
1291 1441 1313 1502 ἃ
1335 1438 1370 1503 d'
1396 1456 1470 1502 cum

238 1528 404 1614 participio
429 1527 630 1592 coniunctum
654 1532 704 1593 est
728 1528 839 1593 eodem
862 1528 965 1607 modo,
989 1547 1050 1610 quo
1075 1527 1155 1592 elias
1179 1524 1231 1591 cla
1256 1526 1306 1591 vel
1335 1464 1405 1592 οίον
1430 1529 1469 1614 <lq

240 1622 294 1686 aut
317 1619 373 1683 άτε
398 1617 556 1685 scribitur.
603 1616 699 1683 Cuius
729 1618 834 1682 simile
865 1618 898 1683 in
931 1618 1020 1683 nulla
1051 1618 1191 1683 oratione
1222 1616 1469 1682 Demosthenica

239 1709 411 1793 quidquam
440 1707 535 1774 inest.
581 1707 686 1771 lltiam
711 1706 747 1776 G.
772 1708 813 1775 H.
839 1706 987 1773 Schaefer
1016 1706 1057 1771 ad
1086 1708 1170 1771 hunc
1192 1706 1297 1771 locum
1320 1708 1467 1771 annotat:

239 1800 283 1880 „L
309 1817 337 1880 q.
362 1798 419 1862 όῖτε
443 1796 481 1883 oq
505 1795 771 1881 ῦπαλαμβόνωντ
797 1801 1060 1885 ποιητικωτέρως
1074 1796 1155 1861 illud
1171 1795 1301 1873 dietum,
1327 1798 1362 1861 ut
1376 1796 1468 1860 facile

241 1906 394 1971 agnoscas
419 1885 596 1968 sophistam
620 1888 784 1951 venantem
816 1887 1032 1954 insolentiora.
1079 1885 1151 1953 Vid.
1183 1884 1223 1949 ad
1254 1883 1348 1968 Soph.
1379 1885 1466 1952 Aiac

243 1978 337 2045 1043.
385 1974 581 2056 Quamquam
613 1976 780 2041 videndum
814 1996 853 2040 ue
885 1977 980 2041 scribi
1010 1977 1150 2059 praestet
1177 1972 1230 2040 olo
1253 1974 1293 2061 όη
1316 1973 1468 2056 ὑπολαμ-

238 2072 361 2152 βάνων.
409 2064 495 2145 Quoe
525 2066 661 2131 mutatio
692 2067 758 2131 tom
782 2065 886 2130 facilis
911 2068 975 2145 est,
1008 2067 1043 2130 ut
1065 2066 1201 2145 nequeat
1224 2082 1294 2129 esse
1317 2064 1467 2131 facilior.“

241 2155 405 2240 Sophoclis
429 2156 517 2221 locus
541 2155 594 2220 hic
618 2158 684 2221 est:

853 2247 908 2311 καὶ
931 2240 1000 2326 τάχ)
1026 2244 1069 2310 ἂν
1091 2255 1202 2320 κακοῖς

518 2334 622 2419 γελῶν
648 2337 669 2398 ἃ
692 2335 730 2423 clip
754 2344 934 2422 κακοῦργος
957 2326 1085 2418 ἐξίκοιτ’
1108 2333 1200 2420 ἀνήρ.

239 2424 413 2492 Lobeckius
437 2423 469 2488 in
494 2424 718 2491 commentario
744 2425 889 2491 adhunc
913 2443 1039 2490 versum
1055 2422 1144 2488 addit
1166 2424 1258 2488 haec:
1284 2420 1465 2505 „Singulare

239 2519 289 2582 est
313 2518 345 2581 et
368 2515 445 2580 olim
466 2513 686 2579 addubitatum
710 2519 731 2580 ά
755 2516 792 2602 dri
816 2534 872 2597 pro
896 2515 953 2580 άτε
977 2514 1027 2579 vel
1051 2512 1104 2578 olor
1124 2514 1171 2600 δή,
1198 2512 1253 2578 sed
1270 2512 1350 2576 satis
1366 2511 1465 2576 muni-

238 2610 308 2672 tum
338 2603 490 2670 Nicandri
522 2604 663 2685 exemplo
694 2604 783 2672 Alex.
809 2605 873 2669 215
903 2641 948 2650 -
970 2605 1062 2671 Deru.
1087 2622 1135 2684 ep.
1160 2603 1197 2683 V,
1227 2603 1314 2668 1490
1336 2603 1364 2666 A
1386 2604 1406 2666 a
1429 2601 1464 2686 ‹llp

239 2696 500 2777 ὑπολαμβάνων.
549 2691 733 2758 Schaeferus
758 2691 811 2759 ola
834 2694 873 2781 όη
897 2693 992 2758 scribi
1017 2693 1115 2760 vult.“

346 2781 470 2849 Addere
492 2782 590 2847 liceat
612 2783 788 2848 locutiones
813 2783 967 2866 quasdam
989 2783 1095 2846 minus
1119 2781 1273 2861 usitatas,
1298 2781 1396 2846 veluti
1419 2799 1463 2862 ep.

239 2877 281 2955 ΙΙ,
310 2875 349 2940 ll
375 2871 423 2938 ἔτι
447 2865 475 2936 d'
498 2869 568 2938 οὐδ’
593 2871 678 2956 ὑμᾶς
701 2872 854 2958 ἐνόμιζον
877 2872 1031 2956 ἀβουλεῖν
1054 2871 1116 2955 ἐ’ξω
1136 2896 1177 2953 με
1193 2871 1465 2958 προπηλακισμοῦ

239 2969 413 3052 γενέσθαι,
453 2981 501 3044 ep.
526 2961 563 3041 V,
588 2964 608 3026 3
633 2959 670 3050 ἧς
702 2965 749 3046 μόι
784 2964 863 3039 τοὺς
892 2963 996 3039 θεοὺς
1026 2967 1072 3047 τῷ
1102 2963 1301 3043 μετασχόντι
1331 2963 1374 3046 μὴ
1397 2958 1464 3038 οὐχὶ

240 3053 421 3140 άφευόεῖν,
444 3071 615 3136 permagna
640 3055 689 3117 est
713 3053 886 3117 cumulatio
911 3052 1116 3135 negationum
1148 3068 1195 3131 ep.
1220 3050 1261 3128 ΙΙ,
1285 3051 1315 3128 9,
1341 3069 1386 3131 ep.
1409 3046 1463 3124 ΙΙΙ,

240 3146 270 3224 8,
294 3162 341 3225 op.
366 3142 390 3221 Ι,
415 3146 445 3221 6,
460 3145 488 3208 8.
534 3142 584 3207 Ita
608 3161 627 3206 a
650 3142 808 3207 communi
831 3141 953 3206 ratione
976 3141 1101 3205 dicendi
1126 3139 1278 3204 recedunt
1294 3138 1461 3220 complures

239 3232 317 3313 loci,
348 3232 384 3297 ut
415 3250 462 3314 ep.
495 3231 597 3311 ΙΙΙ,5
629 3233 743 3318 πολλῷ
774 3234 1031 3318 προθυμότερον
1063 3231 1147 3318 πρὸς
1177 3230 1215 3293 τό
1246 3233 1381 3314 πέμψαι
1408 3229 1462 3311 την

240 3321 419 3408 ἐπιστολὴν
442 3319 549 3402 ἔσχον,
574 3339 620 3403 ep.
645 3322 703 3401 ΙΙΙ,
727 3323 770 3387 38
796 3324 817 3386 ἃ
840 3332 909 3397 τοῖς
931 3321 1075 3402 τολμῶσι
1100 3319 1203 3406 μηδὲν
1217 3317 1314 3400 ὑμῶν
1334 3319 1460 3405 φροντί-

241 3419 309 3500 ζειν
331 3413 375 3496 μη
399 3411 537 3493 λαβοῦσι
561 3405 640 3497 παρ’
662 3411 757 3495 ὑμῶν
781 3410 908 3494 ἔξεστιν
931 3408 1027 3491 ἔχειν,
1051 3409 1070 3491 ,8,
1093 3411 1133 3473 41
1161 3409 1317 3496 ῥημάτιον
1340 3431 1395 3490 μοι
1415 3403 1462 3468 καὶ

242 3502 502 3589 φιλανθρωπίας
533 3505 759 3586 φθονοῦντες,
794 3520 840 3582 ep.
865 3500 890 3579 I,
916 3502 933 3564 ί
967 3491 1036 3564 orid'
1066 3497 1103 3564 ἐν
1135 3499 1266 3582 όυνατηῦ
1298 3496 1354 3577 (sc.
1379 3491 1460 3574 ἐστι),

240 3593 258 3674 ξ
285 3590 325 3655 12
349 3590 590 3676 χαλεπωτάτην
613 3593 707 3674 τάξιν
731 3589 796 3671 ἔχει
813 3591 850 3653 τὸ
867 3589 1115 3672 συμβουλεύειν.
1162 3586 1327 3669 Epistulae
1344 3584 1459 3666 quartae

240 3677 385 3744 Blossius
410 3679 444 3756 (l.
468 3679 490 3746 l.
516 3698 545 3760 p.
570 3679 645 3757 394,
672 3680 702 3755 1)
726 3679 776 3743 his
800 3678 880 3743 locis
904 3677 1079 3757 offenditur,
1101 3677 1118 3760 ᾗ
1144 3678 1163 3741 8
1188 3674 1237 3753 οἷς
1252 3674 1290 3742 ἐν
1306 3674 1459 3757 συμμαχίᾳ

242 3773 362 3854 συνέβη
386 3768 733 3854 peccacatorum,
759 3768 777 3851 ξ
797 3770 837 3834 12
855 3779 985 3855 κινῆσαι
1008 3770 1069 3854 την
1092 3764 1129 3832 ἐν
1151 3765 1233 3849 ὑμῖν
1255 3769 1387 3852 μνήμην
1401 3767 1459 3824 τῶν

242 3862 421 3944 παρόντων
446 3857 536 3943 αὐτῷ
559 3865 678 3923 κακῶν.
726 3859 763 3921 In
786 3858 837 3922 his
862 3860 1022 3922 auctorem
1040 3855 1235 3938 simpliciora
1252 3852 1457 3936 aspernantem

241 3949 274 4012 ct
298 3946 524 4026 „insolentiora
548 3948 733 4012 venantem“
759 3947 988 4030 cognoscimus.

347 4036 391 4102 Ut
407 4036 534 4102 tandem
553 4035 854 4118 comprehendamus
872 4056 918 4116 ea,
942 4055 1021 4118 quae
1038 4035 1076 4100 de
1094 4032 1323 4116 compositione
1347 4030 1457 4097 sentem

240 4127 358 4192 tierum
382 4127 528 4206 diximus,
554 4125 651 4190 ctiam
674 4125 746 4190 iude
771 4126 915 4209 intellegi
940 4125 1077 4191 arbitror
1094 4123 1249 4206 epistulae
1272 4126 1407 4205 tempore
1427 4130 1456 4178 eo

242 4216 433 4297 composilae
464 4233 550 4293 esse,
584 4234 643 4297 quo
668 4215 893 4280 Demosthenis
924 4214 1005 4280 ratio
1037 4213 1162 4279 dicendi
1192 4212 1311 4280 floruit.
1356 4209 1457 4289 Quam·

244 4321 339 4384 quam
361 4303 472 4367 multis
495 4303 575 4368 loeis
601 4304 810 4386 epistularum
841 4304 1000 4368 auctorem
1031 4305 1064 4367 in
1088 4302 1315 4385 componendis
1347 4298 1456 4366 senten·

245 4391 301 4457 tiis
327 4409 418 4456 suum
442 4391 599 4475 quoddam
624 4392 809 4458 institutum
833 4393 980 4475 consequi
1004 4392 1151 4462 vidimus.
