3175 4925
669 312 712 379 53

184 506 279 598 ἧττα,
316 530 363 593 ep.
387 511 452 590 HI,
482 512 526 576 45
557 512 576 599 ἧ
607 513 648 597 ys
700 510 736 577 ἐν
767 521 836 587 τοῖς
858 513 1021 586 τοιούτοις
1043 505 1124 598 ἧττα
1147 510 1227 599 καλῆ
1250 512 1305 575 καὶ

90 605 289 688 προσῆκσυσα
319 605 392 688 νίκη
418 602 509 687 παρὰ
532 612 601 678 τοῖς
623 626 660 667 ευ
684 608 849 688 φρονοῦσι
870 604 1015 686 κρίνεται
1039 607 1070 665 et
1094 618 1142 682 ep.
1167 600 1192 678 I,
1220 600 1259 665 15
1284 601 1303 687 ἧ

91 692 156 776 περὶ
178 694 305 757 τούτων
324 695 528 776 μετάγνιοσις
543 686 624 777 ἧττα
640 701 697 778 τῆς
713 694 936 777 προαιρέσεως
949 694 1102 775 γίγνεται.
1138 690 1306 771 ‚Reponitur

90 780 311 845 substantivum
327 776 408 867 ἧττα
431 779 481 844 his
505 780 594 857 loeis
618 799 662 849 or,
690 780 818 858 18244,
843 815 884 825 -
902 799 945 844 or.
973 780 1103 857 (13),24,
1128 798 1172 849 or.
1197 781 1306 859 (60),9,

89 886 212 949 prooem.
229 871 305 948 (39).
332 868 462 953 Saepius
476 870 532 935 illo
549 868 746 934 substantivo
759 870 879 951 poetae,
892 869 1124 952 Plato,Lysias,
1133 869 1305 934 Aeschines

90 954 139 1039 (or.
161 956 271 1044 3,111)
303 959 352 1023 usi
385 961 468 1028 sunt.
514 959 715 1024 Adieotivum
739 958 822 1041 quod
846 961 896 1023 est
919 957 1077 1045 ἀήττητος
1100 959 1199 1024 semel
1223 958 1306 1041 apud

88 1046 326 1113 Demosthenem
349 1048 480 1131 repperi,
505 1068 548 1116 or.
576 1050 703 1127 18247.

184 1143 273 1215 θεός.
321 1139 389 1203 Ησυ
412 1138 480 1203 loeo
506 1156 748 1203 commemorem
771 1137 964 1202 locutionem
987 1157 1067 1219 quae
1090 1141 1140 1203 est
1164 1158 1211 1220 ep.
1236 1140 1260 1215 Ι,
1286 1140 1306 1202 3

89 1223 127 1301 ὡς
154 1230 215 1293 σὺν
237 1233 332 1305 θεοῖς
355 1228 516 1315 εἰρῆσθαι.
565 1228 660 1293 Sirius
685 1226 851 1291 simillima
873 1227 994 1292 inserta
1017 1229 1067 1291 est
1090 1228 1224 1293 orationi
1248 1228 1307 1291 ali-

89 1316 131 1379 oui
152 1318 359 1382 Demostheni
390 1318 440 1381 vix
472 1317 692 1396 vindicandae,
724 1336 768 1384 or.
794 1318 910 1395 (29),1;
944 1318 1007 1383 σὺν
1037 1322 1132 1395 θεοῖς
1158 1316 1306 1402 είπεῖνῙ).

89 1402 207 1472 Similes
231 1407 408 1472 locutiones
433 1408 523 1471 sunt:
549 1405 593 1483 ὡς
616 1406 698 1483 ἔπος
721 1406 829 1471 εἰπεῖν
852 1426 896 1474 or.
913 1408 976 1484 6,1,
1001 1426 1043 1475 or.
1061 1408 1146 1486 9,47,
1163 1427 1206 1476 or.
1225 1408 1308 1485 18,4,

87 1512 125 1561 or.
151 1497 275 1575 19264,
301 1516 345 1565 or.
372 1497 500 1575 20,140,
525 1516 568 1565 or.
595 1497 646 1575 24,
671 1498 723 1575 38,
749 1497 823 1575 212,
849 1514 892 1564 or.
917 1498 1032 1575 (61),1;
1065 1495 1110 1573 ὡς
1133 1497 1240 1562 εἰπεῖν
1264 1516 1308 1564 or.

90 1585 211 1663 19,190,
244 1606 287 1654 or.
321 1588 414 1665 38,6;
446 1584 491 1662 ὡς
520 1585 635 1663 ἁπλῶς
666 1586 772 1651 εἰπεῖν
804 1605 848 1653 or.
884 1586 954 1664 15,1
981 1605 1183 1668 :prooem
1218 1587 1258 1650 27
1270 1584 1309 1669 ί),

87 1690 125 1741 or.
141 1676 267 1755 20,124,
292 1695 335 1744 or.
353 1677 469 1755 (11),2;
494 1674 539 1751 ὡς
553 1675 660 1740 εἰπεῖν
677 1674 713 1741 ἐν
729 1676 898 1763 κεφαλαίῳ
915 1695 956 1740 or.
973 1677 1103 1753 (32),13,
1118 1696 1161 1744 or.
1178 1675 1309 1754 (40),35.

186 1766 338 1851 πάροδος,
366 1784 411 1847 ep.
436 1766 494 1841 ΙΙΙ,
519 1766 560 1829 29
586 1763 661 1829 οὐδὲ
685 1766 744 1831 τὸν
761 1770 906 1829 Πυθίαν
926 1766 1125 1851 παραλείψω
1142 1766 1201 1831 τὸν
1216 1770 1311 1851 μέχρι

87 1855 644 2026 λίειλέλλίιλί71λό11112
668 1854 1011 2025 trussellus
1042 1853 1310 2009 iltutus?

87 2028 161 2097 sum
191 2052 263 2097 vero
287 2034 477 2099 Aristoteles
510 2036 541 2098 et
565 2032 678 2097 Pollux
710 2036 742 2097 et
770 2032 826 2097 alii
849 2032 908 2096 hae
933 2052 1006 2097 vooe
1030 2033 1129 2097 simili
1153 2053 1247 2097 sensu
1272 2033 1310 2097 de

16 2124 17 2153 ³
86 2121 173 2188 ohoro
199 2125 340 2201 utantur,
373 2123 455 2205 apud
478 2123 725 2187 Demosthenem
751 2123 897 2208 πάροδος
919 2122 1077 2203 signifieat
1101 2124 1310 2200 „transitum‘

87 2210 374 2295 (Thermopylarum
399 2211 525 2294 quidem
550 2211 675 2295 saltus),
702 2231 745 2281 or.
771 2212 847 2290 520
871 2214 904 2276 et
927 2213 979 2289 22,
1005 2231 1047 2279 or.
1073 2214 1148 2291 9,11
1174 2215 1311 2290 ε1(32);

86 2298 219 2383 itemque
243 2302 325 2384 apud
341 2302 469 2385 Lysiam
493 2321 536 2369 or.
555 2302 630 2381 230
652 2303 683 2365 et
699 2301 780 2383 apud
796 2300 989 2384 Hyperidem
1005 2302 1059 2381 IV,
1076 2303 1107 2382 5,
1120 2303 1165 2377 23
1182 2302 1313 2381 (Blassii

16 2430 18 2480 ,
87 2388 229 2456 editionis
254 2392 406 2470 alterius).
1133 2441 1137 2451 .

16 2485 17 2544 3
187 2481 221 2547 ἐκ
245 2491 305 2547 τοῦ
330 2486 512 2569 περιόντος,
539 2501 585 2564 ep.
602 2482 660 2560 ΙΙΙ,
684 2483 727 2546 36
752 2481 874 2547 οὔκουν
890 2479 925 2547 ἐκ
941 2490 1001 2546 τοῦ
1018 2486 1192 2569 περιόντος
1207 2492 1312 2548 ταῦτα

85 2580 183 2652 ποιεῖν,
217 2572 237 2640 i.
272 2591 298 2639 e.
331 2591 367 2636 ex
398 2591 484 2636 mera
514 2571 686 2636 insolentia
710 2572 741 2634 et
763 2570 931 2652 protervia.
978 2570 1076 2636 Nullo
1101 2571 1163 2637 alio
1187 2573 1255 2637 looo
1278 2572 1333 2636 in>

84 2658 305 2727 Demosthenis
342 2662 487 2743 operibus
523 2661 603 2725 hano
637 2660 831 2726 locutionem
865 2660 1014 2742 reperias.
1076 2661 1240 2726 Invenitur
1274 2663 1312 2726 τὸ

84 2755 207 2836 περιόν,
233 2752 269 2815 ut
294 2750 338 2814 sit
361 2751 463 2832 „quod
487 2751 644 2832 reliquum
664 2751 730 2825 est;
755 2750 897 2832 pecunia,
914 2769 992 2831 quae
1008 2751 1136 2829 restat‘,
1153 2771 1196 2819 or.
1214 2752 1310 2829 2736

84 2838 113 2901 et
143 2860 186 2908 or.
219 2841 304 2919 31,7.
354 2839 464 2904 Simile
496 2859 567 2904 vero
601 2839 720 2921 aliquid
753 2841 847 2920 atque
878 2839 912 2905 ἐκ
944 2848 1003 2904 τοῦ
1032 2845 1206 2926 περιόντος
1229 2840 1312 2921 apud

82 2926 328 2994 Demosthenem
361 2928 480 2994 looutio
516 2948 594 3013 quae
630 2931 678 2993 ost
709 2927 743 2993 ἐκ
775 2933 967 3015 περιουσίας
997 2929 1119 2994 duobus
1150 2929 1200 2993 his
1231 2929 1310 2994 loeis

83 3017 255 3100 significat,
287 3039 330 3086 or.
358 3020 430 3098 183
463 3014 560 3095 οὗτος
590 3014 617 3083 d’
651 3018 685 3084 ἐκ
717 3023 910 3105 περιουσίας
938 3043 996 3099 μοι
1018 3030 1189 3105 κατηγορεῖ
1212 3020 1244 3082 et
1267 3038 1309 3087 or.

80 3107 174 3186 45,67
201 3109 231 3174 οἱ
255 3106 283 3173 δ’
309 3107 343 3173 ἐκ
368 3114 567 3195 περιουσίας,
592 3108 704 3193 ὥσπερ
721 3102 826 3188 οὗτος,
846 3113 988 3194 πονηροί
1003 3105 1050 3191 (et
1065 3109 1143 3184 τοὺς
1158 3117 1312 3196 φανερῶς

82 3196 185 3274 οὕτως
208 3197 242 3282 ἐξ
266 3197 424 3284 εὐπορίας
448 3195 638 3286 πονηρούς).

187 3287 203 3352 ὁ
227 3293 366 3375 Πέρσης,
393 3307 445 3350 rex
461 3288 647 3352 Persarum:
672 3305 720 3368 ep.
745 3286 786 3363 ΙΙ,
808 3288 847 3351 18
872 3287 925 3350 ὅτε
950 3286 967 3351 ὁ
992 3287 1077 3372 πρὸς
1098 3287 1158 3351 τὸν
1175 3291 1310 3374 Πέρσην

80 3377 325 3460 κατελάμβανεν
360 3375 482 3453 αὐτοὺς
515 3377 677 3452 κίνδυνος.
726 3373 819 3457 Apud
842 3375 1091 3440 Demosthenem
1120 3375 1226 3458 ipsum
1257 3396 1309 3440 rer

81 3463 246 3530 Persarum
275 3468 329 3530 aut
352 3465 370 3531 6
393 3467 546 3549 βασιλευς
570 3466 618 3530 vel
643 3465 760 3530 omisso
785 3465 918 3529 articulo
941 3466 1102 3548 βασιλεύς,
1129 3467 1165 3529 ut
1188 3466 1308 3547 saepis-

81 3553 159 3618 simo
183 3555 215 3620 in
239 3555 380 3620 oratione
405 3555 671 3637 quartadecima,
696 3555 713 3638 ἓ
739 3557 767 3634 2,
792 3557 822 3633 3,
847 3557 876 3634 6,
900 3557 930 3633 9,
957 3556 1007 3632 12,
1033 3556 1084 3632 27,
1109 3556 1161 3632 28,
1186 3557 1238 3632 37,
1255 3556 1313 3634 38,Ι

80 3643 139 3720 41,
172 3663 213 3712 or.
241 3646 291 3724 15,
317 3647 345 3724 7,
370 3647 389 3710 8
415 3645 527 3710 ueteris
551 3646 650 3723 loeis,
676 3647 730 3709 aut
753 3646 789 3709 nt
813 3664 856 3712 or.
883 3642 1010 3723 18202,
1035 3663 1078 3708 or.
1104 3645 1307 3721 23300001.

80 3730 96 3794 ὁ
128 3739 270 3821 Περσῶν
301 3736 454 3818 βασιλεύς
484 3736 674 3801 nominatur.
721 3734 758 3798 In
783 3733 1016 3816 epistularem
1040 3733 1197 3815 Philippi,
1229 3753 1308 3815 quae

80 3819 162 3885 inter
192 3824 349 3889 orationes
373 3824 635 3889 Demosthenioas
667 3823 886 3888 duodecimum
917 3823 1022 3888 looum
1046 3823 1184 3901 obtinet,
1216 3823 1307 3888 biso

80 3913 209 3999 Πέρσης
240 3911 272 3998 (ξ
305 3916 324 3978 6
358 3915 389 3978 et
418 3911 450 3996 7)
482 3914 608 3996 legitur.
655 3912 839 3995 Pariterque
863 3914 1024 3996 Lycurgus
1055 3911 1151 3995 (κατὰ
1174 3919 1305 4000 Λεωκρ.

82 4087 293 4102 ——n—

189 4201 211 4260 1)
235 4194 276 4249 Of.
291 4195 438 4250 Sohaffneri
451 4195 668 4250 dissertationem
681 4213 748 4266 quae
762 4200 804 4251 est
816 4197 849 4251 de
863 4199 945 4250 tertia
957 4197 1015 4251 adv.
1026 4195 1168 4267 Aphobum
1187 4196 1306 4254 oratione

78 4283 159 4354 vulgo
177 4285 368 4341 Demosthenis
387 4286 490 4339 nomini
509 4285 624 4349 addicta,
644 4283 754 4355 Lipsiae
776 4289 853 4351 1876,
871 4303 932 4359 pag.
952 4288 995 4342 35.

184 4376 210 4444 2)
231 4373 270 4432 Cf.
289 4373 399 4429 Dulium
416 4376 445 4430 in
463 4392 550 4449 progr.
569 4374 587 4427 l.
607 4391 668 4445 pag.
688 4379 712 4432 6.
