3175 4925
273 562 321 647 μὰ
344 564 422 640 τοὺς
443 567 547 641 θεούς
570 563 602 651 (ξ
626 562 660 649 3)
685 566 717 629 et
741 566 825 651 πρὸς
847 565 929 641 Διὸς
950 568 1061 647 ξενίου
1083 563 1138 627 καὶ
1161 566 1300 627 πάντων
1323 571 1396 627 τῶν
1418 568 1514 628 θεῶν
1571 539 1572 570 ¹

275 653 307 737 (ξ
333 653 365 737 1)
396 652 549 731 traditur,
580 672 659 736 quae
690 654 866 720 obsecratio
895 672 956 719 non
980 652 1082 735 magis
1106 650 1370 716 Demosthenioae
1395 652 1512 717 rationi

274 741 453 825 respondet,
477 762 571 824 quam
595 761 674 825 quae
699 743 855 808 secundae
881 742 1037 825 epistulae
1060 741 1181 806 inserta
1204 743 1263 808 est.

381 832 457 897 Eius
482 831 775 913 „dissimulationis
801 852 894 915 quam
912 831 1024 897 Graeci
1039 831 1209 918 εἰρωνείαν
1224 830 1395 910 vocant“,¹)
1412 850 1512 895 unum

274 922 307 987 in
332 922 478 1004 epistulis
499 921 584 987 inest
600 922 778 1005 exemplum
795 926 889 1005 atque
906 921 1109 1004 aptissimam
1125 939 1182 985 neo
1197 939 1271 985 vero
1287 920 1356 984 sine
1372 920 1511 1002 quadam

274 1010 307 1075 vi
329 1010 486 1093 positum:
511 1011 540 1076 εἰ
563 1012 597 1077 δὲ
621 1012 659 1077 τὸ
683 1013 868 1099 περιφανὲς
889 1012 1017 1095 ἀξίωμα
1035 1020 1092 1097 τῆς
1105 1010 1226 1097 βουλῆς
1241 1007 1312 1096 (τῆς
1327 1008 1362 1093 ἐξ
1380 1007 1511 1096 Ἀρείου

276 1101 401 1186 πάγου)
427 1101 652 1187 προσβλέπετε
676 1100 735 1187 (ep.
760 1102 817 1181 ΙΙΙ,
841 1100 908 1186 42).

380 1190 618 1255 Praeteritionis
649 1190 751 1275 ligura
781 1191 1007 1278 (παράλειψις)
1037 1190 1071 1254 in
1095 1188 1241 1271 epistulis
1266 1189 1391 1271 saepius
1417 1189 1509 1255 adhi-

273 1278 342 1344 bita
373 1281 438 1345 est:
471 1278 513 1345 ἒιῖι
545 1280 616 1347 sim.
648 1299 696 1363 ep.
721 1280 762 1361 11,
789 1282 840 1360 10,
872 1299 921 1364 ep.
946 1280 1003 1359 ΙΙΙ,
1030 1281 1080 1359 19,
1104 1298 1152 1361 ep.
1176 1278 1230 1358 IV,
1255 1280 1284 1356 l,
1309 1278 1508 1364 παραλείπω

275 1387 322 1450 ep.
345 1368 388 1447 H,
414 1369 466 1436 12.

381 1458 546 1539 Formula,
570 1478 631 1542 qua
655 1459 863 1542 epistularum
888 1460 995 1527 auctor
1017 1459 1155 1523 leetnros
1179 1456 1359 1538 alloquitur,
1384 1476 1509 1541 semper

275 1547 384 1613 eadem
408 1548 472 1613 est:
497 1542 522 1612 ὦ
546 1548 663 1635 ἄνδρες
676 1547 860 1636 Ἀθηναῖοι,
886 1568 966 1632 quae
989 1567 1161 1630 numquam
1183 1547 1216 1611 in
1231 1545 1324 1611 initio
1341 1547 1508 1626 enuntiati,

275 1636 331 1701 sed
354 1639 427 1719 post
450 1637 544 1703 verba
568 1638 689 1719 aliquot
713 1641 763 1704 est
784 1638 900 1721 posita.
945 1638 1109 1702 Invenitur
1132 1639 1237 1702 antem
1258 1636 1386 1700 ineolis
1403 1637 1507 1702 tribus

273 1726 386 1808 primis
411 1726 575 1809 epistulis;
601 1727 633 1791 in
658 1728 769 1809 quinta
792 1746 865 1793 vero
889 1727 940 1792 illi
962 1728 1116 1792 formulae
1146 1726 1269 1791 nullum
1296 1725 1403 1790 losum
1432 1727 1507 1791 reli·

275 1818 361 1881 ctum
385 1816 483 1881 fnisse
506 1816 580 1881 inde
604 1820 742 1900 apparet,
764 1816 846 1899 quod
862 1818 940 1883 baso
956 1816 1093 1899 epistula
1109 1835 1171 1881 non
1188 1815 1229 1880 ad
1243 1817 1391 1879 senatum
1406 1834 1506 1899 popu-

273 1905 402 1987 lumque
424 1904 677 1987 Atheniensium,
702 1907 758 1972 sed
782 1907 821 1972 ad
844 1907 1005 1972 hominem
1028 1906 1187 1989 privatum
1211 1905 1286 1969 data
1309 1906 1366 1972 est.

380 1994 488 2059 Etiam
517 1995 780 2079 interrogationes
810 2016 889 2079 quae
913 1996 1060 2062 dicuntur
1082 1994 1273 2073 rhetoricae,
1305 2013 1376 2059 oum
1401 2014 1420 2059 a
1445 1996 1505 2060 De

274 2083 439 2151 mosthene
474 2102 624 2168 persaepe
656 2085 882 2165 adhibeantur,
918 2086 1064 2169 epistulis
1096 2084 1266 2149 nonnullae
1297 2084 1504 2162 continentur,

272 2174 320 2242 ita
343 2173 487 2256 quidem,
515 2176 552 2239 ut
575 2175 781 2257 quibusdam,
804 2175 838 2241 id
861 2175 945 2258 quod
968 2194 1041 2240 eum
1063 2174 1289 2240 Demosthenis
1312 2174 1436 2239 ratione
1461 2175 1504 2238 di-

273 2262 364 2329 oendi
387 2264 467 2328 bene
488 2264 641 2347 oongrmt,
666 2265 887 2348 responsiones
904 2265 1070 2332 adiunctae
1087 2265 1161 2333 sint.
1207 2263 1252 2328 Ut
1268 2264 1410 2346 exemplo
1427 2265 1503 2341 utar,

274 2371 321 2435 ep.
354 2352 402 2431 ΙΙ,
437 2354 477 2419 15
509 2354 723 2437 compluribus
753 2355 1054 2438 interrogationibus
1086 2373 1157 2418 eum
1188 2352 1343 2437 gravitate
1372 2353 1504 2435 quadam

272 2441 331 2508 hoe
348 2460 534 2525 responsum
551 2442 703 2511 adioitur:
729 2443 769 2511 od
785 2448 846 2533 γὰρ
862 2443 953 2511 ἔστιν
969 2442 1085 2522 οὐδείς.
1132 2442 1235 2510 Alteri
1251 2442 1502 2526 interrogationi:

273 2541 347 2610 πῶς
375 2532 450 2598 'loon
482 2532 552 2599 ἐστί
583 2539 642 2604 oet.
671 2537 779 2600 auctor
801 2535 870 2618 ipse
895 2534 1065 2617 respondet
1086 2533 1154 2598 bis:
1190 2531 1252 2618 ἐγὼ
1275 2533 1339 2616 μὲν
1361 2532 1420 2598 οὐκ
1445 2531 1502 2613 ἔχω

273 2622 550 2708 συλλογίσασθαι,
587 2623 616 2689 εἰ
645 2630 689 2712 μή
721 2627 780 2690 oet.
813 2631 871 2707 (ep.
901 2625 966 2703 Ill,
1000 2626 1063 2701 ll).
1110 2621 1346 2704 Comparaudus
1379 2624 1428 2687 est
1457 2621 1502 2685 hio

273 2729 395 2794 quoque
428 2712 535 2777 loeus:
571 2711 713 2800 ἐρωτᾶτε
737 2751 796 2797 -,
830 2719 879 2791 τίς
911 2708 972 2779 οὖν
1003 2713 1107 2779 αὐτὸν
1134 2713 1252 2777 κωλύει
1275 2723 1432 2798 παρεῖναι
1454 2712 1502 2775 καὶ

272 2809 377 2866 ταῦτα
409 2805 585 2888 πράττειν·
616 2804 654 2868 τὸ
685 2802 891 2868 ἐπίστασθαι
922 2803 1142 2886 αἰσχύνεσθαι
1172 2803 1231 2869 oet.
1263 2806 1323 2883 (ep.
1356 2801 1417 2881 ΙΙΙ,
1441 2802 1500 2876 39).

272 2889 345 2956 Non
377 2891 483 2956 minus
516 2892 657 2957 conferas
683 2911 731 2975 ep.
756 2893 811 2971 IV,
835 2895 874 2958 6:
907 2898 939 2958 τί
962 2887 1024 2959 οὖν
1047 2891 1117 2957 ἐστι
1138 2897 1233 2968 θεοῖς
1255 2889 1422 2978 ἐξαίρετον
1446 2892 1499 2957 oet.

272 2981 482 3047 Transitionis
508 2982 615 3047 autem
637 2982 800 3048 faciendae
822 3001 917 3048 eausa
941 3000 988 3065 ep.
1012 2982 1075 3061 Le
1098 2981 1327 3063 interrogatur:
1351 2985 1425 3046 τίνα
1445 2973 1501 3043 οὖν

272 3067 342 3135 ἐστι
366 3080 490 3151 roem
536 3071 723 3138 Interieotae
748 3074 824 3137 sunt
846 3072 1007 3137 interdum
1029 3070 1254 3154 parenthetica,
1277 3071 1314 3134 ut
1333 3069 1380 3134 ita
1395 3070 1498 3140 dicam

271 3160 422 3240 parvulae
445 3160 599 3242 quaedam
622 3163 904 3246 interrogationes,
928 3163 965 3226 ut
988 3181 1036 3244 ep.
1060 3160 1118 3238 ΙΙΙ,
1141 3162 1183 3226 3λ
1194 3184 1201 3221 :
1234 3158 1369 3240 οἵτινες,
1402 3153 1427 3223 ὦ
1449 3155 1497 3242 (τί

272 3247 315 3312 ἂν
339 3248 445 3315 εἰιτὼν
468 3243 550 3338 μήθ’
573 3249 731 3336 ἁμαρτεῖν
755 3252 887 3339 δοκοίην
910 3255 991 3348 padre
1008 3255 1201 3337 ψευσαίμην
1209 3254 1232 3330 ,·)
1255 3249 1331 3314 λίαν
1347 3248 1496 3334 ὀλίγωροι,

273 3355 406 3419 quonum
430 3339 512 3404 huno
536 3338 642 3404 looum
665 3341 823 3406 conteras:
848 3336 904 3406 εἶτ’
930 3349 956 3407 rb
975 3377 1016 3387 -
1033 3345 1066 3404 τί
1081 3340 1124 3405 ἂν
1147 3339 1254 3404 εἰπών
1277 3342 1314 3403 σε’
1330 3362 1380 3415 τις
1395 3338 1497 3423 ὀρθῶς

273 3432 470 3512 ωροσείιτοι,·
494 3447 537 3496 or.
566 3430 672 3509 1832,
696 3431 897 3512 similemque
920 3431 1026 3497 locum
1041 3429 1303 3494 Westermannus
1328 3446 1366 3492 er
1382 3425 1496 3493 Aristo-

272 3515 386 3596 phanis
418 3517 553 3582 nubibus
581 3519 664 3584 1382
689 3519 910 3605 depromptum
934 3515 974 3606 (ὦ
998 3556 1040 3568 -
1064 3523 1096 3583 τί
1119 3515 1150 3584 o'
1174 3518 1270 3593 εἴπω)
1294 3517 1393 3586 affert,
1436 3512 1496 3578 Neo

273 3621 346 3668 vero
371 3605 464 3670 aliter
485 3626 535 3671 rea
561 3626 595 3672 se
618 3608 714 3674 habet
737 3630 785 3694 ep.
811 3611 864 3691 IV,
889 3613 925 3676 8:
949 3609 989 3676 οὐ
1011 3613 1118 3692 μόνον
1138 3614 1185 3693 τῷ
1199 3609 1243 3694 μὴ
1260 3607 1496 3672 δεδουλευκέναι

274 3689 392 3777 (καίτοι
424 3699 456 3777 σι’
486 3692 657 3783 τ·ρλικοῦθ’
691 3698 805 3786 ἕτερον
813 3698 852 3785 ,·),
886 3700 969 3766 ἀλλά
993 3701 1052 3768 oet.
1098 3697 1149 3763 Ad
1173 3695 1381 3774 sententiam,
1411 3709 1495 3775 quam

274 3783 382 3847 auotor
410 3784 538 3865 probat,
570 3787 817 3854 confirmandam
849 3790 948 3855 semel
976 3787 1162 3854 erolamatio
1186 3788 1265 3852 bene
1289 3785 1428 3850 adhibita
1447 3781 1494 3843 est
1567 3828 1568 3867 ,

272 3871 359 3952 haee,
383 3891 429 3955 ep.
453 3874 509 3955 ΙΙΙ,
532 3876 594 3941 43:
619 3876 680 3959 οὐχ
703 3879 810 3955 οὕτως
833 3878 926 3962 ὑμεῖς
949 3879 1130 3963 ἀλογίστως
1153 3875 1250 3958 ἔχετε,
1270 3891 1402 3957 quaeum
1416 3888 1492 3935 oom-

271 3979 363 4043 peree
387 3981 431 4031 or.
458 3964 571 4044 18,ll:
596 3965 657 4048 οὐχ
676 3967 762 4034 οὕτω
780 3972 983 4055 τετύφωμαι.
1031 3965 1092 4032 Sed
1109 3968 1145 4031 ut
1161 3965 1244 4048 apud
1259 3963 1493 4029 Demosthenem

272 4050 341 4116 heri
365 4052 456 4132 solet,
479 4053 526 4119 ita
550 4055 646 4120 etiam
669 4057 701 4120 in
728 4057 875 4139 epistulis
899 4058 1021 4123 mediae
1045 4058 1222 4122 structurae
1239 4054 1392 4120 formulae
1406 4065 1492 4132 quae-

273 4139 355 4221 dam,
380 4142 488 4223 quales
514 4147 589 4210 sunt
612 4140 649 4211 ed
673 4140 733 4211 οἶδ)
756 4147 807 4212 ὅτι
830 4147 913 4228 sim,
936 4146 1143 4230 interpositae
1167 4147 1251 4225 sunt,
1276 4143 1373 4210 veluti
1396 4158 1435 4223 ep.
1451 4135 1491 4214 Π,

383 4423 408 4492 1)
428 4424 468 4478 cr.
488 4423 544 4480 erc.
564 4425 611 4480 Ac.
630 4430 655 4495 a,
675 4430 701 4492 a,
722 4431 762 4482 ra.
