3175 4925
685 310 844 431 λδ,-

146 519 221 592 fano
246 515 303 592 illo
327 530 488 593 mortuum
512 546 590 597 esse.
637 528 674 592 In
700 529 773 594 vitis
798 530 827 593 X
850 530 927 596 orat.
952 548 982 610 p.
1008 529 1071 593 846
1097 526 1175 593 (lde
1191 529 1380 594 Demosthe*

143 618 198 682 nis
222 618 325 699 priore
356 618 431 700 fuge
462 617 543 682 nihil
574 617 660 683 aliud
687 619 824 683 traditur
846 617 909 682 nisi
932 618 1007 682 hoe:
1039 620 1094 683 καὶ
1117 617 1216 695 ἁλοὺς
1239 616 1380 706 harnyes,-

143 706 257 789 paullo
290 709 397 771 autem
426 709 499 789 post
523 708 571 785 (ll)
594 707 730 791 legimus
755 707 1004 773 Demosthenem
1031 708 1198 789 Antipatro
1222 709 1380 789 poscente,

145 798 186 861 ut
209 796 271 861 sihi
294 796 536 861 Atheniensium
560 799 698 862 oratores
723 798 896 875 tradentur,
915 796 1093 862 Calauriam
1117 797 1255 880 fugisse:
1279 822 1381 861 κατα-

145 886 260 951 λιπὼν
283 885 300 951 ό
325 891 547 974 Δημοσθένης
573 890 633 974 τήν
665 888 765 953 πόλιν
795 886 897 975 ’ἔφυγε
925 895 1060 969 πρῶτον
1082 887 1145 969 μὲν
1168 887 1214 963 εἰς
1235 887 1382 972 Ᾰίμιναν

146 974 208 1041 ἐπὶ
221 976 257 1039 τὸ
271 974 433 1041 Αἰάκειον
449 977 702 1060 καθεδούμενος,
722 978 885 1064 φοβηθεὶς
900 971 927 1040 δ
946 976 992 1052 εἰς
1007 978 1217 1062 Καλαυρείαν
1232 981 1380 1063 μετέστη.

146 1064 313 1131 ἐκδιδόναι
336 1065 370 1130 δὲ
393 1066 472 1142 τοὺς
494 1066 633 1153 ῥήτορας
655 1075 723 1131 τῶν
746 1063 939 1153 Ἀθηναίων
964 1070 1209 1153 ψηφισαμένων
1231 1064 1383 1130 κάκεῖνον

145 1158 309 1239 καθέζετο
334 1153 439 1241 ἱκέτης
462 1154 499 1221 ἐν
514 1163 561 1241 τηῖ
577 1164 636 1219 τοῦ
653 1156 864 1232 Ποσειδῶνος
879 1155 963 1241 ἱερηῖ.
1012 1154 1130 1219 Zosimi
1142 1154 1163 1232 ¹)
1179 1155 1381 1220 Ascalonitae

146 1245 217 1308 vite
239 1243 331 1308 Deru.
361 1244 399 1308 de
422 1244 525 1325 priore
548 1245 622 1327 fuga
645 1245 871 1310 Demosthenis
894 1244 972 1309 haee
1003 1244 1145 1309 exhibet:
1178 1243 1384 1329 ὑπονοηθεὶς

147 1332 196 1410 ὡς
218 1333 330 1415 λαβὼν
353 1330 430 1421 παρ’
456 1333 560 1399 αὐτοῦ
575 1338 733 1423 χρήματα,
758 1336 886 1421 κριθεὶς
904 1332 961 1399 ἐπὶ
977 1338 1184 1421 πεντήκοντα
1201 1333 1385 1409 ταλάντους

147 1422 275 1511 ἔφυγεν
306 1422 352 1498 εἰς
373 1422 521 1509 Αἴγιναν
529 1448 539 1503 ,·
569 1424 676 1507 peullo
709 1442 781 1489 vero
812 1424 894 1489 infre
924 1424 1001 1489 haee
1031 1423 1149 1488 tradita
1180 1425 1269 1489 suut:
1300 1423 1384 1488 όθεν

147 1512 360 1599 ὀργιζόμενος
376 1509 595 1601 Ἀντίπατρος
617 1512 813 1601 ἐστράτευσε
829 1515 912 1578 κατὰ
928 1522 996 1578 τῶν
1011 1510 1212 1601 Ἀθηναίων.
1231 1514 1383 1599 προσρεό-

145 1624 252 1685 μενος
283 1601 317 1666 aa
340 1600 358 1665 ό
380 1607 603 1690 Δημοσθένης
628 1640 667 1649 —
692 1601 817 1689 ’ἔφυγεν
840 1603 886 1679 εἰς
916 1603 954 1667 τό
978 1602 1067 1689 ἱερόν
1090 1611 1149 1667 τοῦ
1173 1602 1385 1677 Ποσειδῶνος

146 1692 189 1756 τὸ
213 1688 250 1755 ἐν
274 1696 313 1778 τῇ
337 1691 526 1779 Καλαυρείᾳ
549 1699 589 1780 τῇ
612 1697 702 1779 νήσιμ
727 1698 765 1780 τῇ
790 1693 875 1779 πρὸς
891 1699 930 1780 τῇ
949 1697 1111 1779 Τροιζήνι.
1159 1693 1196 1755 In
1220 1690 1285 1755 vita
1309 1709 1384 1755 ano·

146 1776 276 1865 nymi‘l)
306 1781 555 1846 Demosthenem
589 1782 726 1864 primurn
761 1782 889 1864 quidem
924 1783 1112 1846 Troezenem
1148 1800 1182 1845 se
1212 1779 1384 1845 contulisse

145 1868 305 1935 truditur:
329 1872 540 1956 κατακριθεὶς
564 1906 604 1915 m
629 1871 789 1958 ἀπήλθην
812 1871 859 1947 εἰς
877 1877 1039 1958 Τροιζήνα
1063 1876 1233 1957 κρείττονα
1257 1879 1325 1935 τῶν
1348 1867 1385 1934 ἐν

145 1958 311 2045 Ἀθήναις
333 1959 463 2043 δεσμῶν
486 1962 547 2048 τήν
570 1959 605 2043 ἐξ
627 1958 783 2047 Ἀθηνῶν
815 1964 925 2047 φυγήν
948 1960 1141 2043 δοκιμάσας,
1175 1959 1288 2023 δεὶοόε
1313 1976 1384 2023 vero

146 2048 321 2129 Antipatro
345 2049 454 2114 decem
478 2051 617 2115 oratores
642 2052 792 2132 poscente
816 2049 995 2114 Calauriam
1019 2048 1198 2132 confugisse
1222 2050 1383 2113 narratur:

147 2142 375 2225 Δημοσθένης
402 2137 600 2226 εὐλαβηθεὶς
630 2139 676 2216 εἱς
707 2134 918 2226 Καλαυρείαν
950 2138 1077 2225 ἀπέδρα
1100 2140 1155 2202 καὶ
1179 2147 1238 2203 τοῦ
1263 2143 1385 2202 Ποσει-

148 2228 259 2303 δῶνος
274 2227 380 2315 ἱκέτης
395 2226 540 2313 ἐγένετο·
566 2229 603 2294 τό
617 2229 651 2294 δὲ
664 2228 752 2316 ἱερὸν
764 2229 890 2294 ἀσυλον
906 2227 1008 2294 ἐδόκει
1021 2229 1079 2292 oet.
1126 2226 1218 2309 Apud
1236 2226 1385 2291 Photium

127 2318 186 2382 'in
210 2315 287 2384 bibl.
311 2316 370 2381 eod
395 2318 459 2383 265
475 2338 505 2400 p.
522 2320 590 2383 494
613 2318 650 2383 de
675 2318 777 2400 priore
793 2318 868 2401 fuga
883 2317 1107 2383 Demosthenis
1123 2316 1201 2381 haee
1217 2317 1384 2399 leguntur:

148 2408 207 2473 καὶ
231 2405 330 2484 ἀλαός
353 2405 463 2495 ἐφυγε,
490 2407 527 2473 de
552 2408 651 2473 altera
676 2410 781 2474 autem
805 2408 880 2492 fuga
902 2408 996 2474 haee:
1022 2404 1096 2474 ἐπεὶ
1120 2407 1154 2473 δὲ
1169 2403 1388 2493 Ἀντίπατρος

151 2534 195 2544 --
220 2495 348 2582 ἠπείλει
379 2533 421 2546 -
454 2499 684 2586 πολιορκήσειν
715 2499 792 2575 τοὺς
821 2496 1038 2586 Ἀθηναίους,
1072 2498 1100 2562 εἰ
1129 2500 1173 2584 μή
1206 2496 1387 2582 παραδοῖεν

150 2585 245 2671 αότηῖ
269 2587 347 2663 τοὺς
369 2586 516 2675 ῥήτορας,
541 2589 735 2654 καταλιπὼν
759 2587 776 2653 δ
804 2588 910 2675 ῥήτωρ
934 2590 995 2676 τήν
1012 2625 1053 2632 -
1075 2587 1176 2652 πόλιν
1199 2585 1309 2673 ἔφυγε.
1334 2586 1388 2649 καὶ

150 2685 291 2763 πρῶτον
313 2676 376 2758 μὲν
391 2677 514 2765 Αἰγίνῃ
538 2677 675 2765 ἀπέστη,
693 2673 762 2742 εἶτα
785 2718 824 2726 -—
850 2677 896 2753 εἱς
910 2678 1103 2764 Καλαμρὶαν
1126 2675 1220 2757 (quod
1243 2676 1332 2738 muta
1354 2675 1388 2738 in

150 2765 378 2853 Καλαυρείαν)
401 2771 550 2854 μετέστη.
578 2777 696 2854 ψήφον
712 2767 747 2832 δὲ
763 2771 919 2850 θεμένων
933 2764 1125 2853 Ἀθηναίων
1144 2765 1297 2831 ἐκδοῦναι
1311 2764 1389 2839 τοὺς

150 2855 303 2942 ῥήτορας,
329 2855 436 2942 ἱκέτης
458 2854 494 2921 ἐν
518 2862 564 2941 τῷ
588 2865 647 2921 τοῦ
664 2856 875 2932 Ποσειδῶνος
891 2856 1115 2942 προσήδρευεν
1132 2855 1216 2941 ἱερῷ.
1263 2853 1300 2915 Iu
1326 2853 1390 2917 vita

151 2943 398 3025 Demosthenis,
428 2963 521 3028 quarn
547 2945 659 3012 Suidas
683 2946 786 3028 primo
810 2946 880 3010 loeo
904 2945 1009 3023 habet,
1033 2944 1072 3008 de
1096 2945 1163 3008 eius
1188 2944 1288 3008 morte
1312 2940 1388 3005 haec

151 3035 340 3098 narrantur:
373 3032 562 3122 ἐτελεύτησε
593 3035 628 3100 δὲ
659 3036 776 3122 φυγὼν
801 3035 847 3110 εἰς
870 3035 1082 3117 Καλαυρεὶαν
1106 3031 1142 3100 ἐν
1166 3038 1212 3117 τῷ
1235 3039 1295 3095 τοῦ
1319 3035 1390 3094 Πο-

153 3122 313 3199 σειδῶνος
344 3123 420 3211 ἱερηῖ
451 3124 504 3189 διὰ
537 3125 597 3190 τόν
628 3125 808 3190 Μακεδόνα
842 3121 1074 3209 Ἀντίπατρον.
1122 3124 1158 3187 In
1191 3120 1286 3185 tertia
1317 3138 1389 3183 vero

154 3211 272 3278 Suidae
309 3211 373 3278 vita
407 3213 654 3279 Demosthenem
688 3215 826 3296 primum
861 3213 1049 3276 Troezenem
1084 3211 1204 3294 fugisse
1235 3208 1388 3274 traditur:

153 3303 211 3368 καὶ
234 3299 358 3390 ἐφυγεν
381 3302 427 3379 εἰς
452 3309 624 3391 Τροιζῆνα,
650 3303 792 3386 pergitur
816 3304 938 3367 autem:
963 3300 1180 3388 Ἀλεξάνδρου
1204 3301 1238 3365 δὲ
1262 3298 1298 3364 ἐν
1322 3303 1392 3362 Βα-

154 3391 281 3475 βυλῶνι
312 3392 568 3479 τελευτήσαντος
591 3392 608 3458 ό
631 3397 854 3480 Δημοσθένης
876 3391 1022 3479 κατῆλθε
1045 3392 1188 3478 κληθείς.
1233 3386 1392 3454 narona·
1502 3388 1509 3401 '

156 3504 236 3567 τρος
267 3480 301 3546 δὲ
324 3481 425 3592 ἀρξας
447 3491 515 3548 τῶν
535 3477 700 3570 Ἑλλήνιον
732 3487 872 3567 πήιιιμας
900 3480 1020 3564 ἐξαιτεῖ
1042 3481 1121 3558 τοὺς
1144 3481 1220 3545 δέκα
1244 3478 1391 3565 ῥήτορας.

157 3567 324 3636 ἐκδόντων
340 3574 531 3658 Αθηναὶων
552 3571 568 3636 ό
585 3576 807 3659 Δημοσθένης
823 3571 868 3648 εἰς
880 3571 1091 3658 Καλαυρείαν
1107 3569 1239 3657 ἔφυμεν.
1280 3567 1394 3631 Restat

158 3657 294 3740 denique
329 3660 365 3724 ut
400 3679 453 3739 ea,
486 3679 564 3743 quae
595 3661 751 3726 Maximus
782 3660 941 3725 Planudes
973 3660 1011 3724 de
1035 3657 1261 3724 Demosthenis
1290 3656 1393 3736 priore

35 3832 44 3843 .
157 3747 235 3830 fuga
260 3749 387 3830 profert,
412 3749 563 3814 adiciam:
596 3749 723 3838 ἀπέδρα
755 3759 815 3814 τοῦ
846 3750 1069 3836 δεσμωτηρίου
1092 3751 1146 3812 καὶ
1170 3745 1326 3831 ἀπῆλθεν
1349 3745 1395 3819 εἰς

162 3843 344 3925 Τροιζῆνα,
377 3838 533 3906 κάκεῖθεν
564 3838 610 3916 εἰς
639 3839 768 3926 Ἄρηος·
807 3839 891 3905 όθεν
921 3845 968 3924 τῷ
1000 3838 1089 3925 δήμῳ
1125 3838 1184 3912 τάς
1218 3833 1395 3908 ἐπιστολὰς

159 3925 346 3992 ἐπιστέλλει
377 3932 499 4005 ταύτας
522 3929 571 4006 (ef.
598 3947 692 4011 supra
716 3947 745 4010 p.
771 3926 816 4013 9).
863 3929 909 3992 -llx
933 3927 984 3992 lris
1008 3926 1103 4010 igitur
1126 3923 1319 3990 testimoniis
1344 3921 1393 3986 ni-

158 4015 207 4080 hil
240 4016 320 4090 eerti
353 4017 462 4100 colligi
494 4019 609 4100 potest.
656 4017 761 4082 Unum
793 4018 852 4082 hoe
888 4017 1033 4082 omnibus
1065 4032 1230 4080 commune
1262 4013 1311 4075 est
1335 4009 1395 4075 Ca-

274 4303 300 4368 1)
320 4300 352 4353 In
371 4303 436 4356 orat.
455 4319 494 4372 gr.
515 4301 556 4356 ed.
577 4302 667 4357 Reisk.
687 4303 738 4357 vol.
757 4303 805 4372 lv,
824 4318 850 4371 p.
873 4303 932 4366 150,
951 4318 977 4371 p.
998 4302 1056 4354 153.

273 4390 298 4452 2)
323 4389 392 4443 Into.
412 4407 438 4461 p.
460 4394 510 4446 158
530 4409 583 4462 seq.
