3175 4925
850 309 1010 423 Α,

317 522 446 587 verbum
469 519 627 586 invenitur
651 521 733 604 apud
755 524 875 605 poetas,
899 521 1105 602 Herodotum,
1129 518 1352 606 Thucydidem
1369 516 1534 603 Platonem,

315 610 565 693 Xenophontem,
590 627 651 677 non
676 611 758 694 apud
781 612 1039 680 Demosthenem.

423 700 556 783 ἀκονᾶν,
583 719 628 783 ep.
651 700 697 779 ΙΙ,
724 703 762 766 11
788 698 858 768 οὐδ’
883 696 934 790 ἐφ’
960 701 1082 789 έαυτην
1104 700 1236 767 ἀκονῶν
1258 705 1319 790 την
1343 704 1458 786 πόλιν,
1490 703 1534 785 qni

314 790 404 856 loeus
427 790 460 854 in
485 793 657 878 συναγωγὴ
681 790 802 873 λέξεων
824 796 993 877 χρησίμων
1017 793 1075 859 oet.
1099 790 1132 855 in
1156 792 1291 856 Bekkeri
1315 792 1455 862 anecdot.
1479 793 1534 857 lau-

316 880 408 945 datur
432 880 507 962 (vid.
533 899 628 963 supra
650 900 680 963 p.
706 881 773 963 25).
821 880 1056 963 Comparandus
1081 884 1131 945 est
1155 881 1241 946 solus
1261 881 1349 946 loeus
1373 884 1534 966 suppositi·

315 969 382 1034 tiae
408 966 526 1055 (Deru.)
551 970 702 1035 orationis
727 970 824 1048 25‚46
848 975 880 1035 τί
903 980 1032 1051 τοῦτον,
1058 965 1084 1035 ὦ
1106 974 1233 1053 μάταιε,
1260 970 1398 1057 ἀκονᾷς,·
1432 971 1535 1037 Confer

315 1056 494 1144 (Demadis)
526 1079 569 1128 or.
594 1058 679 1145 ὑπὲρ
703 1070 760 1147 τῆς
783 1059 997 1138 δωδεκαετίας
1019 1060 1037 1143 ἓ
1064 1061 1103 1125 17
1129 1062 1211 1143 (pag.
1238 1062 1384 1140 180‚3o):
1414 1062 1535 1144 θυμοὺς

315 1146 369 1214 ἐπ’
394 1147 501 1214 ἐλπίδι
527 1159 584 1236 τῆς
607 1147 798 1235 ἐλευθερίας
821 1148 995 1237 ἠκόνησαν.

422 1237 638 1320 ἀναδύεσθαι,
658 1258 705 1321 ep.
723 1238 747 1319 I,
766 1240 807 1303 14
823 1239 916 1315 όπιος
928 1242 973 1326 μη
987 1276 1028 1285 -
1041 1238 1249 1305 ἀναδύσεται.
1286 1240 1400 1305 Rarius
1415 1241 1472 1305 hoe
1489 1259 1533 1304 vo-

315 1327 463 1393 cabulum
486 1328 732 1393 aDemosthene
758 1329 943 1410 usurpatum
967 1330 1025 1397 est.
1071 1329 1180 1394 Inveni
1205 1329 1263 1393 hos
1279 1329 1384 1395 locos:
1409 1349 1452 1399 or.
1468 1331 1534 1408 8,50

315 1429 376 1482 ποῖ
398 1416 631 1500 ἀναδυόμεθα,·
655 1416 712 1504 (z
737 1437 780 1485 or.
805 1418 949 1502 (10),26),
974 1438 1017 1487 or.
1047 1420 1119 1496 8,‘i‘i
1153 1417 1212 1484 έδιν
1235 1419 1270 1484 δὲ
1293 1418 1349 1506 δέη
1373 1444 1405 1484 τι
1434 1430 1534 1484 ποιεῖν

314 1506 543 1590 ἀναδυόμενοι,
570 1527 613 1575 or.
640 1509 758 1585 10210
781 1508 801 1595 ἡ
825 1506 954 1573 διάνοια
978 1545 1018 1554 -
1044 1507 1209 1573 ἀνεδύετο.

422 1596 647 1683 ἀναπληροῦν,
674 1616 720 1679 ep.
745 1597 770 1675 Ι,
798 1598 838 1661 10
862 1600 923 1683 την
945 1597 1033 1663 ίδίαν
1056 1597 1155 1685 όργην
1178 1598 1383 1685 ἀναπληρῶν
1405 1599 1437 1662 ei
1458 1598 1477 1681 ξ
1501 1597 1533 1661 15

315 1689 377 1774 τὴν
392 1684 572 1752 ένδειαν-
583 1684 643 1767 ούχ
655 1685 808 1774 εὑρήσετε
825 1687 903 1763 τοὺς
914 1685 1226 1774 ἀναπληριύσοντας.
1251 1688 1307 1752 Bis
1316 1687 1534 1752 Demosthenes
1578 1757 1579 1762 η

313 1776 373 1841 hoe
397 1776 491 1841 verbo
516 1794 592 1840 usos
617 1777 667 1840 est
689 1776 722 1840 in
746 1776 796 1840 his
821 1776 1051 1841 locutionibus:
1076 1795 1118 1841 or.
1146 1779 1240 1856 14‚1o
1264 1778 1343 1854 τοὺς
1363 1778 1535 1851 διακοσίους

313 1868 368 1931 καὶ
399 1865 523 1947 χιλίους
553 1864 791 1953 ἀναπληρῶσαί
822 1889 906 1953 φημι
937 1875 1054 1952 χρῆναι
1076 1867 1131 1930 καὶ
1155 1877 1292 1953 ποιησαι
1316 1866 1490 1949 δισχιλίους
1510 1867 1535 1928 et

314 1974 357 2024 or.
383 1956 478 2033 2λ,13
500 1954 561 2032 έιος
576 1953 834 2043 ἀνεπληρώσατο
851 1958 912 2042 την
928 1968 1049 2041 προῖκα
1057 1980 1067 2036 ,·
1091 1955 1191 2020 semel
1207 1956 1535 2043 ἀνταναπληροῦντας

313 2045 441 2127 iegitur,
465 2063 508 2111 or.
536 2046 639 2118 14‚17.

421 2132 585 2221 ἀναρτᾶν,
619 2153 667 2216 ep.
691 2135 757 2213 ΙΙΙ,
789 2135 831 2199 23
863 2146 932 2211 τοῖς
962 2129 992 2199 δ’
1026 2134 1072 2211 είς
1102 2135 1161 2202 τὸν
1193 2135 1298 2222 δῆμον
1325 2134 1535 2222 ἀναρτησασιν

314 2222 461 2299 ἑαυτούς.
509 2224 599 2289 Hane
631 2243 740 2289 vocem
768 2223 867 2289 semel
891 2243 934 2291 or.
962 2225 1057 2303 19,18
1080 2224 1164 2308 legi:
1196 2220 1270 2312 μηδ
1296 2223 1535 2312 ἀναρτωμένους
1578 2293 1579 2296 ¹

314 2312 445 2379 ἐλπίσιν
469 2312 504 2397 ἐξ
526 2312 680 2379 ἐλπίδων.
728 2313 802 2378 Alia
825 2314 1000 2395 composite
1023 2313 1073 2377 his
1093 2312 1172 2379 loeis
1188 2314 1396 2397 reperiuntur,
1412 2333 1454 2381 or.
1470 2312 1533 2390 sm

314 2401 558 2490 ἀπηρτημένοι,
591 2422 636 2472 or.
663 2404 758 2484 laos
791 2403 946 2490 ἀπαρτᾶν
978 2403 1159 2490 τὸνλόγον
1183 2413 1407 2493 τῆςχραφῖης,
1440 2402 1535 2487 §324

314 2492 509 2580 ἀπαλλαγὴν
532 2503 600 2560 τῶν
624 2493 862 2581 έπηρτημένιον
886 2497 1017 2580 φόβων,
1052 2512 1095 2561 or.
1122 2495 1241 2571 23,140
1265 2504 1424 2571 τοσοῦτος
1445 2492 1535 2579 ἐπήρ-

313 2607 409 2669 τηται
425 2586 536 2669 φόβος.
584 2583 722 2648 Verbum
740 2582 873 2665 simplex
899 2584 932 2647 et
954 2582 987 2646 in
1006 2583 1324 2649 Demosthenieorum
1348 2603 1426 2666 quae
1443 2582 1535 2646 ferun-

313 2673 366 2736 tur
382 2672 611 2753 prooemiorum
628 2673 669 2736 41
689 2674 707 2760 ἡ
722 2710 762 2718 -
776 2671 857 2759 ἀρχλη
872 2709 912 2718 -
927 2673 1063 2759 ἤρτηται
1079 2671 1113 2738 έκ
1130 2682 1190 2737 τού
1204 2711 1246 2719 -
1260 2674 1452 2761 δημηγορεῖν
1467 2673 1496 2736 et
1510 2671 1536 2733 in

314 2781 357 2830 or.
383 2762 504 2840 (60),26
529 2765 590 2849 την
614 2767 803 2849 παρρησίαν
819 2761 854 2827 έκ
871 2772 928 2849 τῆς
943 2761 1102 2848 ἀληθείας
1116 2761 1303 2850 ἠρτημένην
1320 2763 1471 2829 traditum
1486 2761 1535 2825 est.

420 2850 673 2934 devotionern,
707 2871 753 2934 ep.
785 2852 834 2930 ΙΙ,
867 2853 887 2916 6
920 2846 991 2915 οὐδ’
1026 2850 1280 2939 ἀντ-ηλλαξάμην
1317 2852 1394 2918 ἀντὶ
1431 2853 1537 2934 ταύτης

314 2940 396 3024 (seii.
421 2951 479 3028 της
501 2940 547 3017 είς
569 2939 655 3024 ὑμᾶς
678 2940 822 3024 εύνοίας)
847 2938 953 3022 ούδὲν,
980 2939 1020 3007 ού
1043 2944 1140 3027 χάριν
1163 2943 1221 3006 oet.
1267 2942 1419 3021 Helonis,
1436 2940 1534 3022 quibos

314 3028 396 3112 apud
427 3030 676 3096 Demosthenem
708 3031 840 3095 verbum
870 3030 1110 3096 άνταλλάττειν
1142 3033 1262 3110 exstat,
1294 3031 1395 3096 semel
1424 3031 1535 3095 tantun

312 3120 579 3202 praepositionem
610 3119 686 3186 ἀντί
708 3121 879 3202 repetitam
904 3138 974 3184 esse
999 3118 1142 3185 videmus
1167 3120 1214 3185 ita
1238 3119 1384 3202 quidem,
1414 3120 1448 3184 nt
1471 3117 1535 3182 ἀντί

313 3228 384 3274 oum
407 3208 598 3288 hominibus,
623 3230 685 3276 non
710 3230 780 3275 eum
804 3228 838 3274 re
862 3209 978 3291 aliqua,
1004 3210 1039 3272 ut
1061 3211 1168 3274 nostro
1184 3210 1264 3289 loeo,
1281 3210 1325 3274 sit
1342 3209 1535 3281 eoniunotum

314 3318 357 3367 or.
391 3300 463 3378 lot>
495 3299 768 3384 ἀνταλλάξασθαι
799 3295 992 3383 βουλοίμεθ’
1025 3297 1233 3375 ἀντιπάλους
1264 3300 1536 3383 Λακεδαιμονίους

313 3387 411 3453 ἀντὶ
447 3393 664 3476 Θηβαίων·
699 3390 812 3454 ceteris
847 3387 928 3452 loeis
963 3407 998 3452 ex
1035 3388 1128 3452 verbo
1164 3387 1403 3454 ἀνταλλάττειν
1435 3384 1535 3469 pendet

313 3477 472 3561 genitivus
504 3479 736 3561 praepositione
760 3479 819 3542 illa
842 3477 970 3544 omissa.
1018 3478 1120 3541 Locus
1145 3479 1267 3555 autem,
1302 3478 1356 3560 qui
1380 3477 1474 3543 nostri
1496 3472 1535 3536 est

314 3567 508 3646 simillimus,
532 3568 584 3632 hio
609 3570 666 3647 est,
691 3588 735 3637 or.
761 3569 837 3647 olo
860 3561 932 3654 μηδ
959 3566 1234 3650 ἀνταλλάξασθαι
1248 3568 1408 3655 μηδεμιᾶς
1423 3569 1536 3649 χάριτος

312 3652 386 3745 μηδ
409 3656 573 3745 ὠφελείας
595 3660 656 3745 την
679 3658 725 3735 είς
748 3659 827 3733 τοὺς
842 3653 1004 3743 (Έλληνας
1027 3655 1369 3738 εύνοιαν;,μῐεελεεεα
1393 3668 1534 3736 compares

313 3766 357 3814 or.
385 3748 501 3824 18,138
526 3758 583 3834 τῆς
607 3745 664 3812 ἐπὶ
687 3759 759 3824 ταῖς
781 3747 959 3833 λοιδορίαις
981 3745 1101 3832 ἡδονῆς
1124 3747 1178 3810 καὶ
1201 3749 1335 3832 χάριτος
1358 3748 1395 3811 τὸ
1416 3755 1467 3832 τῆς
1482 3743 1534 3804 πύ-

313 3836 394 3913 λειος
426 3842 598 3924 συμφέρον
630 3837 932 3919 ἀνταλλαττόμενοι
956 3837 988 3899 et
1012 3854 1055 3902 or.
1083 3836 1203 3912 19223
1227 3834 1288 3900 ούκ
1311 3834 1535 3901 ἀνταλλακτέον

313 3920 398 3990 εἶναί
420 3951 476 4009 μοι
500 3929 560 4014 την
584 3927 669 4013 πρὸς
692 3925 778 4008 ὑμᾶς
802 3926 996 4012 φιλοτιμίαν
1020 3921 1157 4001 ούδενὸς
1179 3925 1323 4010 κέρδους.

419 4014 636 4103 ἀσχημονεῖν,
670 4034 718 4096 ep.
743 4015 812 4092 ΙΙΙ,
844 4015 888 4079 40
911 4013 996 4079 ίόστε
1020 4013 1124 4100 μηδὲν
1150 4011 1412 4118 ἀσχημονεῖντδ
1434 4008 1535 4076 λοιπὸν

313 4128 373 4261 λλ
383 4109 485 4270 ἀλλ’
510 4106 602 4258 αλλ
624 4098 1534 4280 {tittotiosiorissolstitiis

314 4280 525 4368 ἀσχημονήσῃ
548 4283 675 4364 legitur.
723 4281 841 4346 Confer
861 4281 975 4348 Aesoh.
1000 4300 1044 4348 or.
1070 4281 1171 4362 2,151
1196 4287 1245 4358 τίς
1268 4281 1373 4348 αύτδν
1395 4277 1454 4348 εἶδε
1474 4275 1533 4338 πίε

316 4391 398 4433 ποτε
422 4369 716 4456 ἀσχημονήσαντα·
