3175 4925
306 538 325 623 ἐ
351 537 431 607 128:
456 540 502 623 τῷ
525 540 649 625 Πέρσῃ)
675 536 707 603 et
722 534 905 615 Aeschines,
920 538 1089 620 postquem
1112 532 1221 618 paullo
1246 535 1318 601 ente
1341 532 1359 601 ό
1383 534 1514 619 μέντοι

307 634 448 715 Περσῶν
471 628 623 710 βασιλευς
645 633 726 705 (κατ.
753 634 855 714 Κτησ.
881 628 990 711 ξ132)
1015 627 1103 705 dixit,
1128 624 1238 690 eedem
1261 626 1452 708 paragrapho
1472 635 1515 710 π’,ς
1566 649 1567 680 r

307 718 364 784 έπὶ
395 719 454 783 τόν
485 722 620 804 Πέρσην
653 718 825 804 ἡγεμονίας
854 717 981 795 scribit,
1012 717 1095 798 quod
1126 717 1222 780 etiam
1254 716 1272 799 ξ
1306 718 1367 780 181
1399 718 1431 779 et
1455 716 1515 797 περὶ
1566 707 1567 768 λ

308 812 515 895 παραπρεσμ.
553 806 632 888 §74
656 810 687 870 et
711 808 772 871 172
788 807 833 870 fit
879 807 1007 871 Auctori
1032 809 1137 870 nutem
1162 805 1370 887 epistularum
1385 803 1515 869 Aeschini

306 896 387 962 falso
412 896 625 978 adscriptorum
651 895 752 960 dicere
780 896 887 978 placet
916 898 971 961 καὶ
1003 897 1087 980 πρὸς
1109 896 1169 960 τόν
1192 894 1229 959 έν
1252 899 1399 980 Πέρσαις
1419 894 1514 973 ίίπειμι

307 989 360 1051 καλ
384 986 514 1073 Ιλίηόοις
536 987 680 1068 βασιλέα,
708 1004 755 1067 ep.
782 988 865 1064 11‚3.

414 1074 694 1162 προπηλακισμός,
721 1095 768 1157 ep.
786 1076 827 1153 ΙΙ,
846 1078 885 1140 ΙΙ
910 1074 957 1140 έτι
975 1070 1004 1139 δ’
1024 1070 1095 1139 οὐθ’
1114 1073 1199 1156 ’ὑμᾶς
1214 1072 1369 1160 ένόμιζον
1385 1073 1515 1156 ἀβουλεῖν

307 1164 367 1250 έξω
400 1190 439 1248 με
473 1164 749 1251 προπηλακισμοῦ
779 1170 947 1251 γενέσθαι.
996 1163 1074 1229 Cum
1106 1164 1236 1227 verbum
1267 1164 1350 1245 quod
1374 1167 1423 1228 est
1451 1186 1515 1247 προ·

308 1256 499 1342 πηλακίζειν
531 1273 549 1318 a
579 1255 794 1319 Demosthene
825 1273 974 1336 persaepe
1007 1254 1186 1318 adhibitum
1211 1253 1269 1329 sit,
1303 1254 1516 1317 substantivum

307 1345 579 1431 προπηλακισμός
609 1362 671 1407 non
702 1345 857 1426 reperitur
887 1344 949 1407 nisi
981 1362 1024 1411 or.
1059 1345 1109 1419 18,
1135 1343 1186 1421 12,
1211 1344 1294 1417 316;
1319 1342 1417 1407 semel
1439 1342 1516 1405 etien

307 1434 617 1521 προπηλακιστικῶς
639 1431 712 1515 legi,
737 1452 780 1501 or.
805 1435 858 1511 30,
881 1435 935 1499 36.

415 1526 633 1609 προσηγορία,
672 1540 719 1604 ep.
752 1523 807 1602 IV,
838 1525 859 1588 3
895 1524 953 1599 τὰς
987 1517 1017 1587 θ’
1051 1522 1120 1586 ἀπὸ
1155 1530 1223 1586 τῶν
1258 1523 1516 1609 προεληλυθότων

308 1617 528 1699 προσηγορίας
558 1610 615 1676 ἐπὶ
646 1624 717 1688 ταῖς
740 1617 924 1697 γεγονυίαις
947 1615 1087 1697 πράξεσι
1109 1616 1261 1675 τίθενται
1290 1610 1369 1688 (scil.
1396 1612 1425 1676 οἱ
1446 1609 1516 1690 θεοί)

306 1703 445 1783 itemque
469 1703 486 1784 ξ
502 1702 524 1764 4
544 1711 600 1787 της
616 1699 769 1778 ἐναντίας
786 1706 1007 1788 προσηγορίας
1023 1705 1206 1786 τυγχάνειν,
1225 1701 1278 1765 nbi
1296 1702 1393 1765 etiam
1410 1701 1517 1764 verbnm

307 1794 568 1877 προσαγορεύειν
592 1790 759 1855 invenitur.
808 1791 1050 1856 Substantivnm
1079 1790 1160 1853 illud
1190 1789 1237 1854 ita
1267 1794 1451 1871 usurpatum
1473 1789 1516 1863 est,

306 1884 343 1945 ut
367 1880 410 1945 sit
433 1899 520 1959 „sors
545 1880 671 1945 oraculo
696 1881 810 1950 edite“.
857 1882 963 1945 Etiam
985 1879 1217 1944 Demosthenes
1241 1879 1300 1944 hae
1330 1898 1405 1944 voce
1428 1879 1517 1952 utitor,

307 1970 353 2034 ita
376 1972 483 2034 tamen
508 1971 543 2033 ut
567 1969 726 2051 significet
750 1971 995 2051 appellationem
1020 1969 1067 2033 vei
1092 1988 1223 2047 nomen,
1255 1969 1343 2033 velut
1375 1968 1425 2033 his
1446 1968 1517 2042 iocis,

307 2079 350 2127 οι.
386 2061 415 2137 6,
441 2060 482 2124 25
518 2058 720 2145 ἐλευθερίαν.
750 2057 807 2125 εἶτ’
837 2059 898 2140 οὐχ
921 2059 1017 2147 ὁρᾶτε
1059 2060 1234 2123 Φίλιππον
1276 2058 1518 2145 ἀλλοτριωτάτας

306 2152 409 2235 ταύτῃ
440 2151 494 2213 καὶ
524 2150 583 2225 τὰς
614 2156 835 2237 προσηγορίας
865 2149 1002 2230 έχοντα,
1032 2149 1186 2232 βασιλεὺς
1215 2150 1275 2234 γίιρ
1299 2149 1353 2212 καὶ
1376 2152 1519 2234 τύραννος

307 2240 397 2314 ἱίπας
420 2238 539 2323 ἐχθρός
562 2236 734 2325 ἐλευθερίη
758 2241 790 2303 et
814 2260 857 2306 or.
883 2241 977 2316 2327
1003 2242 1063 2325 την
1082 2240 1144 2321 μὲν
1167 2240 1205 2325 op
1230 2242 1454 2323 προσηγορίαν
1473 2242 1518 2299 του

308 2332 444 2404 πόθους
466 2330 527 2414 την
554 2326 658 2414 αὐτὴν
690 2327 869 2416 έποιησατο
905 2330 937 2392 ct
967 2329 985 2411 ξ
1017 2330 1058 2392 29
1091 2336 1226 2413 πρῶτον
1256 2326 1319 2410 μὲν
1349 2326 1387 2414 δη
1419 2336 1518 2391 τοῦτονΙ

307 2416 518 2506 ἀνδροφόνον
542 2418 634 2502 λέγει,
661 2419 719 2484 τὸν
744 2419 891 2507 ἡλωκότα
915 2418 974 2506 η’όη
999 2425 1038 2505 τῇ
1065 2421 1178 2505 ψόφῳ.
1203 2415 1244 2482 οό
1266 2420 1327 2504 γάρ
1348 2411 1413 2482 έοτ)
1432 2415 1518 2488 οίιόεὶς

307 2507 376 2572 rino
400 2511 502 2593 ταύτῃ
527 2515 566 2595 τῇ
591 2515 802 2595 προσηγορίᾳ,
830 2510 910 2594 πρὶν
934 2509 976 2573 όν
993 2507 1195 2593 ἐξελεγχθεὶς
1217 2505 1286 2592 ἁλῷ
1309 2509 1341 2570 et
1362 2526 1405 2575 or.
1423 2504 1516 2592 (00),Ι

307 2597 337 2662 οἱ
361 2599 421 2682 γόιρ
445 2606 502 2683 τῆς
525 2598 607 2661 κατὰ
632 2598 691 2662 τόν
715 2603 867 2682 παρόντα
883 2602 1005 2683 χρόνον
1020 2607 1133 2683 γενεᾶς
1146 2601 1304 2682 πρόγονοι
1327 2598 1382 2660 καὶ
1398 2600 1520 2679 πατέρες

306 2688 360 2752 καὶ
384 2689 513 2750 τοότισν
537 2684 651 2752 έπόνισ
676 2689 735 2763 τὰς
757 2691 951 2775 κατηγορίας
974 2686 1113 2769 ἐ’χοντες.

414 2779 517 2862 φθόη,
544 2795 591 2856 ep.
616 2776 672 2855 ΙΙΙ,
699 2778 742 2841 30
772 2776 857 2842 ὥστε
888 2771 936 2841 δύ’
970 2775 1056 2858 έχειν
1081 2776 1226 2862 ἑταίρας,
1252 2778 1286 2839 αἳ
1307 2781 1402 2862 μέχρι
1426 2777 1520 2862 ιμθόης

306 2866 413 2942 καλῶς
436 2873 594 2929 ποιοῦσαι
618 2870 910 2953 προπεπόμιμαοιν
933 2864 1046 2931 αὐτόν.
1093 2865 1160 2928 Vox
1182 2883 1261 2947 quae
1279 2867 1328 2928 est
1344 2869 1437 2952 ιμθόη
1453 2859 1518 2944 apud

305 2956 473 3020 Platonem
497 2956 528 3018 et
551 2955 723 3019 Isocratem
756 2955 871 3035 semel,
904 2955 986 3038 apud
1009 2955 1258 3018 Demosthenem
1283 2973 1344 3018 non
1366 2953 1517 3018 invenitor.

305 3044 348 3109 Ut
371 3045 436 3109 iam
459 3044 604 3123 diximus
628 3045 852 3128 Harpocratio‚
883 3045 1077 3128 Hesychius,
1109 3044 1259 3122 Photins‚
1292 3043 1517 3126 etymologicum
1564 3110 1565 3119 ¹

305 3153 455 3217 magnum
488 3136 520 3198 et
550 3133 727 3199 Gudianum
759 3134 851 3199 illam
882 3154 990 3200 vocem
1024 3134 1271 3198 commemorant
1305 3139 1345 3210 (v.
1382 3152 1470 3215 snpra
1495 3149 1517 3210 p.
1564 3130 1565 3139 ’

308 3225 348 3287 10
372 3227 459 3304 seq).
507 3222 567 3288 Sed
591 3224 628 3288 ut
651 3228 744 3310 esaion
768 3223 815 3288 ita
838 3229 1055 3310 προπέμπειν
1085 3243 1143 3287 vor
1167 3242 1185 3286 a
1215 3223 1423 3287 Demothenis
1445 3218 1518 3301 copie

304 3313 469 3377 verborum
486 3311 648 3387 abhorret;
667 3313 820 3395 reperitur
836 3315 940 3378 antem
956 3313 1038 3395 epod
1050 3315 1160 3395 poetas
1177 3311 1346 3387 scaenicos
1360 3312 1518 3382 Platonem,

303 3402 531 3483 Antiphontem
564 3408 619 3478 (or.
647 3404 719 3480 1,16
745 3409 948 3489 προπέμψαι
980 3403 1026 3478 είς
1056 3403 1114 3467 τὸν
1148 3406 1289 3488 Πειραιᾶ
1321 3402 1381 3467 τόν
1409 3403 1518 3479 πατέρα

303 3492 362 3557 τόν
387 3490 487 3574 ἐμόν),
513 3490 703 3555 Aeschinem
727 3490 811 3577 (κατ.
837 3499 940 3578 Κτησ.
971 3493 988 3574 ξ
1015 3494 1055 3556 λό’
1081 3491 1308 3578 προῦπεμψεν
1332 3491 1380 3567 εἰς
1402 3493 1515 3576 Θήβας).

294 3635 296 3640 .
409 3584 535 3667 χρόνος,
564 3599 611 3661 ep.
625 3581 665 3659 ΙΙ,
686 3583 725 3645 16
749 3593 909 3668 μαρτυρεῖ
931 3581 966 3646 δέ
978 3606 1035 3663 μοι
1058 3591 1125 3657 πᾶς
1141 3580 1159 3645 ό
1176 3585 1330 3668 πρόσθεν
1350 3578 1517 3666 παρεληλυ-

303 3673 375 3747 θὼς
398 3674 523 3756 χρόνος.
572 3669 786 3734 Intolerabilis
813 3671 865 3752 qui
889 3671 922 3734 in
945 3671 1121 3735 coniunctis
1146 3669 1307 3734 vocabulis
1327 3674 1474 3755 πρόσθεν
1494 3665 1517 3726 et

303 3761 545 3846 παρεληλυθός
576 3759 661 3823 inest
691 3759 895 3840 pleonasmus
927 3759 1014 3823 nullo
1039 3760 1101 3823 alio
1125 3759 1194 3822 ioco
1219 3760 1331 3823 exstat.
1377 3759 1516 3838 Frequen-

303 3849 429 3914 tissime
454 3848 471 3913 ό
496 3848 738 3936 παρεληλυθὼς
760 3855 879 3936 χρόνος
900 3849 1021 3926 (simil.)
1045 3848 1126 3930 apud
1142 3849 1391 3912 Demosthenem
1413 3843 1516 3911 inveni-

302 3941 370 4014 tur3
397 3941 615 4020 comparentur
628 3938 710 4001 enim
725 3939 757 4002 hi
771 3939 843 4014 loci,
857 3958 900 4006 or.
925 3939 955 4017 4,
965 3941 992 4015 1,
1003 3940 1032 4017 2,
1042 3939 1094 4017 34,
1108 3957 1153 4005 or.
1171 3939 1219 4016 18,
1238 3939 1337 4016 (181),
1363 3956 1406 4004 or.
1421 3932 1515 4013 2444

302 4030 354 4108 90,
387 4047 429 4092 or.
454 4028 506 4106 30,
522 4028 553 4106 4,
586 4065 626 4073 -
662 4047 705 4094 or.
740 4028 796 4110 (ί),
816 4030 866 4105 11,
898 4047 941 4095 or.
972 4029 1047 4106 (26),
1065 4029 1116 4106 22,
1141 4046 1183 4095 or.
1199 4029 1274 4106 (43),
1292 4028 1395 4106 72‚or.
1419 4023 1515 4104 (59),3,

300 4137 440 4200 prooem.
459 4116 537 4203 (21).
585 4117 691 4181 Minus
716 4117 823 4180 crebro
847 4117 965 4199 iegitur
989 4117 1178 4204 όπρόσθεν
1200 4121 1327 4203 χρόνος,
1353 4135 1396 4183 or.
1415 4117 1460 4192 19,
1475 4110 1515 4182 64,

300 4209 375 4286 327,
400 4227 443 4274 or.
468 4204 546 4292 (47),
571 4206 630 4281 23;
656 4205 672 4271 ό
697 4204 892 4292 ἔμπροσθεν
914 4210 1033 4292 χρόνος
1063 4226 1106 4274 or.
1133 4208 1183 4284 18,
1208 4207 1261 4284 94,
1286 4207 1360 4283 201,
1385 4206 1455 4281 282,
1481 4218 1515 4262 01.

304 4299 353 4376 19,
385 4298 460 4374 258,
493 4295 567 4373 289,
599 4314 641 4362 or.
674 4296 725 4372 21,
759 4297 788 4373 8,
821 4315 864 4362 or.
889 4295 941 4372 24,
969 4297 1030 4360 133
1054 4296 1121 4374 bis,
1153 4314 1197 4362 or.
1229 4293 1306 4379 (53),
1333 4296 1364 4373 5,
1391 4297 1418 4372 7,
1441 4295 1473 4366 8;
1502 4285 1515 4350 ί

300 4386 423 4468 μεταξὺ
447 4387 564 4469 χρόνος
588 4401 631 4451 or.
656 4384 687 4462 4,
711 4384 763 4463 37,
788 4403 832 4452 or.
859 4385 909 4461 18,
934 4384 985 4463 26,
1011 4404 1052 4448 or.
1080 4386 1313 4463 19150164,
1338 4403 1381 4450 or.
1400 4385 1448 4461 24,
1463 4378 1510 4448 2ἴιῑ
