3175 4925
643 264 685 345 lt

583 368 743 378 .—.—-

63 468 156 541 Sermo
179 472 302 540 nullam
325 477 389 543 lars
412 477 542 559 praebet
565 478 787 553 offensionem3
813 479 848 541 ut
864 496 936 543 vero
953 478 1012 543 hoe
1029 475 1139 543 statim
1154 474 1279 558 addam,

62 565 139 629 illam
159 566 368 647 locutionem,
401 586 480 649 quae
505 568 553 631 est
585 566 631 643 εἰς
652 568 801 654 κεφαλὴν
831 566 942 631 αὐτῶν
966 572 1126 653 τρέψειαν
1149 568 1180 633 οἱ
1202 575 1279 634 θεοί

61 655 85 737 (ξ
108 658 146 733 1),
170 655 267 720 etiam
290 658 324 721 in
349 659 459 740 quarta
483 656 619 739 epistula
635 656 665 739 (ξ
686 658 737 734 10)
753 656 958 738 repperimus.
1006 658 1124 722 Tamen
1142 658 1280 739 epistula

62 746 136 809 senta
159 748 210 809 est
232 746 375 821 brevior,
405 766 500 828 quam
531 748 567 811 ut
598 748 719 811 eertum
749 746 902 811 iudicium
926 745 965 809 ds
993 746 1060 811 eius
1092 748 1279 813 auctoritate

63 832 132 897 ferre
155 834 325 916 possimus.

152 924 322 1005 Reliquum
354 927 419 1006 est,
452 927 488 989 nt
516 925 553 989 de
578 925 785 1008 epistularum
810 943 953 990 sermone
977 924 1187 1001 disseramus;
1219 946 1279 1008 quo

59 1012 130 1077 facto
154 1033 214 1078 non
238 1015 343 1079 miuus
361 1034 454 1097 quam
480 1034 515 1079 ea
531 1014 581 1094 iis,
598 1034 676 1097 quae
693 1014 794 1080 adbuc
809 1014 1010 1096 protulimus,
1026 1014 1172 1098 intellegi
1186 1035 1280 1098 posse

61 1102 193 1168 existimo
227 1104 380 1186 epistulas
405 1104 455 1169 vix
478 1123 572 1187 posse
595 1104 806 1170 Demostheni
830 1103 992 1173 vindicari.
1038 1104 1076 1169 In
1099 1105 1282 1171 uuiversum

59 1193 154 1256 autem
184 1196 309 1258 constat
339 1194 372 1259 iu
405 1194 551 1276 epistulis
583 1194 735 1259 maiorem
766 1193 923 1277 quandam
952 1192 1076 1259 dicendi
1098 1194 1281 1260 libertatem

60 1299 142 1361 quarn
171 1282 204 1347 in
237 1284 432 1349 orationibus
463 1282 651 1367 permissam
682 1302 760 1351 esse.
808 1283 858 1347 Ita
889 1302 928 1347 ne
958 1283 1114 1349 Isocrates
1143 1284 1279 1366 quidem,

59 1371 104 1450 qui
126 1371 157 1435 iu
182 1373 376 1438 orationibus
400 1373 524 1438 hiatum
547 1373 611 1437 iere
628 1372 766 1438 omnimo
782 1372 874 1455 fugit,
890 1372 923 1436 in
940 1372 1085 1454 epistulis
1102 1372 1136 1437 in
1154 1374 1280 1439 vitando

58 1458 137 1523 hiatu
160 1463 227 1526 tarn
252 1461 440 1545 diligentem
464 1482 497 1527 se
518 1463 657 1544 praebet.
706 1460 791 1541 Quae
809 1481 880 1526 eum
897 1462 943 1526 ita
960 1462 1033 1537 sint,
1049 1462 1088 1526 de
1105 1463 1281 1529 elocutione

58 1550 226 1616 nostrarum
251 1551 458 1633 epistularum
481 1552 565 1617 haud
588 1552 634 1617 ita
659 1570 765 1617 severe
788 1552 1009 1620 iudicabimus.
1056 1552 1174 1617 Tamen
1191 1552 1280 1617 iniis

57 1638 149 1704 multa
181 1641 285 1706 inesse
316 1643 410 1723 puto,
442 1660 521 1723 quae
549 1660 588 1706 ne
611 1642 729 1706 maiore
752 1641 812 1706 illa
835 1641 962 1722 quidem
986 1641 1133 1707 libertate
1157 1642 1281 1707 dicendi

59 1730 191 1795 excusari
222 1731 356 1812 possint.
405 1730 646 1796 Concedendum
677 1750 752 1795 sane
785 1731 845 1795 erit
876 1730 1012 1795 colorem
1042 1730 1076 1794 in
1099 1732 1282 1796 uuiversum

58 1835 119 1882 esse
141 1820 436 1889 Demosthenicum.
485 1820 546 1885 Sed
576 1820 750 1903 permultas
782 1839 874 1885 voees
898 1822 931 1885 et
953 1820 1128 1886 locutiones
1153 1840 1281 1887 enume-

57 1907 205 1987 rabimus,
237 1929 316 1991 quae
349 1910 614 1975 aDemostbenis
645 1928 732 1975 more
764 1909 888 1975 dicendi
918 1910 1012 1992 plane
1043 1910 1165 1975 alienae
1196 1914 1281 1981 sunt.

55 1994 128 2060 Rern
159 2000 266 2063 autem
296 1999 343 2063 ita
373 1999 595 2078 instituamus,
626 2001 662 2063 ut
692 2000 829 2081 primum
858 1998 896 2063 de
921 2000 1044 2064 delectu
1069 2002 1101 2064 et
1124 2003 1283 2067 structura

57 2085 248 2169 singulorum
272 2088 504 2168 vocabulorum,
529 2087 641 2154 deiude
665 2089 703 2154 de
728 2089 882 2153 sermonis
900 2091 1011 2154 crustu
1029 2091 1062 2153 et
1076 2090 1197 2173 liguris,
1213 2093 1282 2156 tum

55 2172 88 2239 de
110 2178 340 2259 compositione
365 2179 595 2244 sententiarum
618 2178 855 2261 disputemusl)

55 2351 64 2415 l
156 2266 325 2333 Ordiamur
354 2267 453 2351 igitur
484 2288 502 2333 a
534 2267 658 2333 delectu
690 2270 721 2333 et
745 2269 903 2333 structura
926 2268 1123 2350 singulorum
1147 2270 1283 2334 uocabu-

67 2371 161 2425 orum.

154 2446 261 2512 Verba
285 2446 421 2530 quidem,
446 2467 524 2531 quac
548 2449 603 2513 aut
626 2448 875 2513 aDemosthone
899 2446 1026 2514 omuino
1050 2467 1121 2528 non,
1143 2450 1198 2514 aut
1213 2469 1282 2515 raro

53 2533 194 2602 adhibita
217 2539 301 2616 sunt,
326 2539 380 2602 aut
403 2557 481 2620 quas
505 2536 659 2620 singulari
682 2539 775 2604 modo
800 2540 1000 2620 usurpantur,
1025 2557 1172 2604 enumero
1190 2538 1281 2603 haec:

154 2626 327 2710 ἀβουλεῖν,
362 2646 409 2710 ep.
440 2627 489 2707 ΙΙ,
524 2630 562 2693 17
596 2625 645 2692 ἐ’νι
675 2623 705 2692 d’
739 2622 810 2693 οὐδ’
845 2626 931 2710 ὑμᾶς
954 2625 1107 2714 ἐνόμιζον
1130 2627 1283 2712 ἀβουλεῖν

53 2710 107 2795 ’ἐξω
137 2741 180 2798 με
206 2717 483 2804 προπηλακισμοῦ
506 2722 672 2803 γενέσθαι.
720 2717 860 2782 Verbum
882 2717 1035 2801 ἀβουλεῖν
1060 2717 1142 2800 apud
1164 2719 1282 2782 Demo·

54 2803 194 2870 sthenem
219 2826 280 2871 non
305 2806 438 2890 legitur,
469 2807 588 2890 legitur
611 2805 692 2888 apud
716 2807 903 2886 Platonem,
926 2807 1063 2889 posteris
1087 2807 1282 2889 temporibus

53 2895 128 2974 apud
157 2894 307 2960 Cassium
329 2895 466 2962 Dionem
489 2896 630 2978 aliosque
655 2896 832 2978 scriptores.

154 2985 323 3071 ἀγάλλειν,
350 3003 397 3068 ep.
421 2985 476 3065 IV,
503 2988 541 3051 11
567 2988 698 3063 τούτοις
719 2988 780 3073 τὴν
804 2987 954 3052 διάνοιαν
978 2985 1169 3072 ἀγάλλετυι;
1200 2985 1282 3067 quod

56 3162 270 3174 *Q*—

159 3269 187 3341 1)
206 3269 250 3325 Ad
267 3271 336 3324 hauc
356 3273 460 3340 partem
479 3270 713 3324 commentationis
733 3271 855 3324 conferas
874 3273 981 3340 practer
999 3268 1067 3324 ahos
1085 3268 1283 3326 Rehdantnium

49 3355 74 3410 in
92 3359 233 3415 indicibus
252 3361 287 3414 ad
299 3360 490 3416 Demosthenis
509 3377 605 3414 novem
624 3361 758 3414 orationes
771 3359 945 3429 Philippicas,
965 3359 1087 3430 Siggium
1100 3361 1129 3414 iu
1142 3361 1282 3416 annalibus

48 3446 221 3520 philologieis
245 3449 343 3522 (suppl.
369 3451 416 3516 VI,
442 3467 467 3520 p.
491 3451 543 3503 417
564 3449 640 3518 seq),
658 3449 794 3503 Blossium
819 3449 848 3502 in
872 3448 942 3503 libro
960 3450 979 3504 l.
1010 3450 1062 3503 Die
1087 3452 1137 3503 att.
1160 3450 1282 3504 Beredts.

47 3532 94 3605 III,
116 3541 141 3604 1,
161 3558 190 3610 p.
204 3543 239 3594 92
254 3557 318 3610 seq,
338 3539 491 3595 Schuluium
510 3539 539 3592 in
559 3539 757 3604 dissertatione,
777 3539 820 3593 cui
838 3539 1009 3593 inscribitur:
1028 3540 1236 3609 prolegomenon
1254 3539 1283 3594 in

49 3624 124 3683 Dem.
145 3647 216 3699 quae
237 3627 323 3684 tertam
341 3633 407 3684 orat.
427 3629 485 3683 adv.
505 3627 666 3698 Apaturium
693 3630 783 3699 capita
802 3629 869 3698 duo,
894 3629 1003 3700 Lipsiae
1024 3632 1100 3694 1878,
1119 3647 1145 3699 p.
1166 3632 1199 3682 73
1218 3647 1282 3701 seq,

47 3712 269 3773 Schwebschium
287 3719 316 3773 in
336 3719 542 3787 dissertatione,
569 3734 636 3787 qnae
656 3722 698 3773 est
717 3719 749 3772 de
769 3719 890 3773 oratione
916 3735 984 3788 quae
1009 3721 1103 3772 eontra
1120 3719 1283 3774 Leocharem

46 3807 159 3862 aDem.
183 3809 285 3878 scripta
303 3808 402 3876 fertur,
428 3807 548 3862 Berolini
569 3811 645 3872 1878,
664 3825 690 3878 p.
711 3809 745 3862 63
763 3825 829 3878 seq,
848 3808 1013 3863 Windelium
1036 3809 1064 3861 in
1084 3807 1282 3876 dissertatione,

46 3910 95 3962 qua
122 3898 218 3968 agitur
243 3896 275 3952 de
300 3899 420 3952 oratione
446 3914 513 3967 quse
538 3900 580 3952 est
604 3897 676 3951 iuter
694 3897 916 3952 Demosthenioas
935 3897 1014 3952 XVH
1032 3898 1071 3966 (in
1089 3914 1177 3968 progr.
1199 3898 1282 3951 schol.

44 3984 148 4052 Thom,
177 3987 288 4058 Lipsiae
316 3986 393 4056 leae)
418 4004 444 4057 p.
466 3990 499 4042 16
518 4003 582 4056 seq,
611 3986 722 4041 Uhlium
750 3988 779 4042 in
808 3987 1013 4056 dissertatione,
1041 3987 1085 4040 cni
1112 3986 1282 4041 inscribitur:

45 4077 221 4144 quaestiones
248 4077 281 4132 de
308 4077 458 4131 orationum
482 4076 661 4131 Demostheni
684 4077 752 4131 falso
778 4077 946 4131 addictarum
971 4077 1161 4146 scriptoribus,
1185 4077 1282 4146 partie.

42 4165 137 4233 prima,
159 4167 236 4236 Lips.
258 4169 335 4235 lasa,
354 4184 380 4236 p.
394 4167 428 4220 55
448 4182 503 4236 seq.
524 4168 552 4220 et
570 4166 598 4220 in
612 4167 838 4232 commentatione
857 4167 889 4222 de
902 4166 1097 4236 prooemiorum
1115 4166 1283 4220 collectionis

44 4269 110 4322 quaa
139 4256 338 4311 Demosthenis
365 4255 473 4309 nornine
500 4255 585 4310 fertur
613 4257 716 4326 origine
744 4257 783 4326 (in
808 4273 896 4326 progr.
924 4256 1057 4326 gymnasii
1082 4273 1126 4326 qu.
1152 4256 1177 4309 d.
1202 4254 1283 4310 realis

43 4341 261 4400 Chemnitiensis
283 4347 372 4414 1885),
392 4362 417 4415 p.
437 4347 454 4398 6
474 4361 528 4414 seq.
